order_id,name,ordered_at,price,quantity,line_total
10000,"""ICE CREAM"" Peanut Fudge",2018-01-01 11:30:00,$3.50,3,$10.50
10000,"""ICE CREAM"" Peanut Fudge",2018-01-01 11:30:00,$3.50,1,$3.50
10001,"""SORBET"" Raspberry",2018-01-01 12:14:54,$2.50,2,$5.00
10001,,2018-01-01 12:14:54,$1.50,1,$1.50
10001,"""CONE"" Dipped Waffle Cone",2018-01-01 12:14:54,$3.50,1,$3.50
10002,"""SORBET"" Lychee",2018-01-01 12:23:09,$3.00,1,$3.00
10002,,2018-01-01 12:23:09,$3.00,3,$9.00
10002,"""ICE CREAM"" Earl Gray",2018-01-01 12:23:09,$0.50,3,$1.50
10003,"""ICE CREAM"" Matcha",2018-01-01 12:49:35,$1.50,3,$4.50
10004,"""BEVERAGE"" Iced Coffee",2018-01-01 13:22:59,$2.50,2,$5.00
10004,"""BEVERAGE"" Espresso",2018-01-01 13:22:59,$2.50,1,$2.50
10004,"""ICE CREAM"" Mint Chip",2018-01-01 13:22:59,$1.50,2,$3.00
10004,"""CONE"" Brownie Cone",2018-01-01 13:22:59,$3.00,3,$9.00
10004,"""ICE CREAM"" Dulce De Leche",2018-01-01 13:22:59,$1.50,3,$4.50
10005,"""SORBET"" Raspberry",2018-01-01 13:58:20,$2.50,2,$5.00
10005,"""ICE CREAM"" Dulce De Leche",2018-01-01 13:58:20,$1.50,2,$3.00
10005,"""CONE"" Waffle Cone",2018-01-01 13:58:20,$4.00,2,$8.00
10005,"""ICE CREAM"" Candied Bacon",2018-01-01 13:58:20,$0.50,1,$0.50
10005,"""SORBET"" Raspberry",2018-01-01 13:58:20,$2.50,1,$2.50
10006,"""MISC"" Ice Cream Cake",2018-01-01 14:55:50,$2.00,3,$6.00
10006,"""SORBET"" Lychee",2018-01-01 14:55:50,$3.00,1,$3.00
10006,"""CONE"" Waffle Cone",2018-01-01 14:55:50,$4.00,1,$4.00
10006,"""ICE CREAM"" Peanut Fudge",2018-01-01 14:55:50,$3.50,2,$7.00
10006,"""SORBET"" Lemon",2018-01-01 14:55:50,$2.50,3,$7.50
10007,"""ICE CREAM"" Peanut Fudge",2018-01-01 15:03:17,$3.50,3,$10.50
10007,"""CONE"" Sugar Cone",2018-01-01 15:03:17,$1.00,3,$3.00
10007,"""SORBET"" Raspberry",2018-01-01 15:03:17,$2.50,2,$5.00
10007,,2018-01-01 15:03:17,$2.50,1,$2.50
10007,"""ICE CREAM"" Matcha",2018-01-01 15:03:17,$-1.50,2,$-3.00
10008,"""SORBET"" Watermelon",2018-01-01 15:48:02,$2.50,2,$5.00
10008,"""SORBET"" Raspberry",2018-01-01 15:48:02,$2.50,1,$2.50
10008,"""ICE CREAM"" Earl Gray",2018-01-01 15:48:02,$0.50,2,$1.00
10008,"""SORBET"" Raspberry",2018-01-01 15:48:02,$2.50,3,$7.50
10009,"""SORBET"" Blood Orange",2018-01-01 16:14:06,$2.50,3,$7.50
10009,"""CONE"" Sugar Cone",2018-01-01 16:14:06,$1.00,2,$2.00
10010,"""ICE CREAM"" Vanilla Bean",2018-01-01 16:14:45,$1.50,2,$3.00
10011,"""BEVERAGE"" Iced Coffee",2018-01-01 17:13:30,$2.50,3,$7.50
10011,"""ICE CREAM"" Strawberry",2018-01-01 17:13:30,$3.50,1,$3.50
10011,"""ICE CREAM"" Dulce De Leche",2018-01-01 17:13:30,$1.50,3,$4.50
10011,"""BEVERAGE"" Iced Coffee",2018-01-01 17:13:30,$2.50,2,$5.00
10011,"""ICE CREAM"" Candied Bacon",2018-01-01 17:13:30,$0.50,1,$0.50
10012,"""SORBET"" Lychee",2018-01-01 18:01:00,$3.00,2,$6.00
10012,"""ICE CREAM"" Matcha",2018-01-01 18:01:00,$1.50,1,$1.50
10012,"""BEVERAGE"" Espresso",2018-01-01 18:01:00,$2.50,1,$2.50
10013,"""ICE CREAM"" Dulce De Leche",2018-01-01 19:00:00,$1.50,1,$1.50
10014,"""ICE CREAM"" Rocky Road",2018-01-01 19:18:31,$3.50,3,$10.50
10015,"""SORBET"" Blood Orange",2018-01-01 20:11:47,$2.50,2,$5.00
10015,"""MISC"" Ice Cream Cake",2018-01-01 20:11:47,$2.00,1,$2.00
10015,"""ICE CREAM"" Vanilla Bean",2018-01-01 20:11:47,$1.50,1,$1.50
10015,"""CONE"" Dipped Waffle Cone",2018-01-01 20:11:47,$3.50,2,$7.00
10015,"""ICE CREAM"" Strawberry",2018-01-01 20:11:47,$3.50,3,$10.50
10016,"""SORBET"" Raspberry",2018-01-01 20:53:59,$-2.50,1,$-2.50
10016,"""MISC"" Ice Cream Cake",2018-01-01 20:53:59,$2.00,3,$6.00
10017,"""SORBET"" Lychee",2018-01-01 21:48:10,$3.00,3,$9.00
10017,"""ICE CREAM"" Dulce De Leche",2018-01-01 21:48:10,$1.50,2,$3.00
10017,"""ICE CREAM"" Rocky Road",2018-01-01 21:48:10,$3.50,2,$7.00
10018,"""ICE CREAM"" Candied Bacon",2018-01-01 22:35:19,$0.50,3,$1.50
10018,"""SORBET"" Watermelon",2018-01-01 22:35:19,$2.50,2,$5.00
10018,"""ICE CREAM"" Peanut Fudge",2018-01-01 22:35:19,$3.50,3,$10.50
10018,"""SORBET"" Raspberry",2018-01-01 22:35:19,$2.50,3,$7.50
10019,"""ICE CREAM"" Wildberry",2018-01-01 22:41:56,$1.50,3,$4.50
10020,"""ICE CREAM"" Wildberry",2018-01-01 23:24:31,$1.50,1,$1.50
10020,"""BEVERAGE"" Tea",2018-01-01 23:24:31,$4.00,3,$12.00
10020,"""ICE CREAM"" Strawberry",2018-01-01 23:24:31,$3.50,2,$7.00
10021,"""ICE CREAM"" Matcha",2018-01-01 23:50:49,$1.50,1,$1.50
10021,"""CONE"" Waffle Cone",2018-01-01 23:50:49,$4.00,3,$12.00
10021,"""ICE CREAM"" Matcha",2018-01-01 23:50:49,$1.50,3,$4.50
10021,"""ICE CREAM"" Dulce De Leche",2018-01-01 23:50:49,$1.50,3,$4.50
10022,"""SORBET"" Lychee",2018-01-02 00:38:37,$3.00,2,$5.00
10023,"""BEVERAGE"" Tea",2018-01-02 01:28:12,$4.00,1,$4.00
10024,"""ICE CREAM"" Mint Chip",2018-01-02 02:05:29,$1.50,2,$3.00
10025,"""MISC"" Ice Cream Cake",2018-01-02 02:57:41,$2.00,1,$2.00
10025,"""SORBET"" Lemon",2018-01-02 02:57:41,$2.50,2,$5.00
10025,"""ICE CREAM"" Mint Chip",2018-01-02 02:57:41,$1.50,2,$3.00
10025,"""SORBET"" Blood Orange",2018-01-02 02:57:41,$2.50,3,$7.50
10026,"""SORBET"" Lemon",2018-01-02 03:25:40,$2.50,2,$5.00
10026,"""CONE"" Brownie Cone",2018-01-02 03:25:40,$3.00,1,$3.00
10026,,2018-01-02 03:25:40,$0.50,2,$1.00
10027,"""CONE"" Dipped Waffle Cone",2018-01-02 03:46:29,$3.50,2,$7.00
10027,"""ICE CREAM"" Vanilla Bean",2018-01-02 03:46:29,$1.50,3,$4.50
10027,"""BEVERAGE"" Espresso",2018-01-02 03:46:29,$2.50,2,$5.00
10028,"""ICE CREAM"" Dulce De Leche",2018-01-02 04:32:57,$1.50,2,$3.00
10028,"""ICE CREAM"" Matcha",2018-01-02 04:32:57,$1.50,3,$4.50
10028,"""MISC"" Ice Cream Cake",2018-01-02 04:32:57,$2.00,1,$2.00
10029,"""BEVERAGE"" Iced Coffee",2018-01-02 04:54:24,$2.50,3,$7.50
10030,"""CONE"" Waffle Cone",2018-01-02 04:56:07,$4.00,2,$8.00
10030,"""ICE CREAM"" Dark Chocolate",2018-01-02 04:56:07,$4.00,2,$8.00
10030,"""CONE"" Brownie Cone",2018-01-02 04:56:07,$3.00,1,$3.00
10031,,2018-01-02 05:45:48,$3.50,3,$10.50
10031,"""ICE CREAM"" Mint Chip",2018-01-02 05:45:48,$1.50,1,$1.50
10031,"""ICE CREAM"" Candied Bacon",2018-01-02 05:45:48,$0.50,1,$0.50
10032,"""SORBET"" Watermelon",2018-01-02 05:49:20,$2.50,2,$5.00
10032,"""ICE CREAM"" Wildberry",2018-01-02 05:49:20,$1.50,2,$3.00
10033,"""ICE CREAM"" Mint Chip",2018-01-02 06:29:26,$1.50,1,$1.50
10033,"""BEVERAGE"" Espresso",2018-01-02 06:29:26,$2.50,3,$7.50
10034,"""MISC"" Ice Cream Cake",2018-01-02 07:17:19,$2.00,1,$2.00
10034,"""CONE"" Waffle Cone",2018-01-02 07:17:19,$4.00,2,$8.00
10034,"""SORBET"" Blood Orange",2018-01-02 07:17:19,$2.50,2,$5.00
10034,"""ICE CREAM"" Maple Brown Sugar",2018-01-02 07:17:19,$2.00,1,$2.00
10035,"""BEVERAGE"" Tea",2018-01-02 07:25:50,$4.00,2,$8.00
10035,"""ICE CREAM"" Dulce De Leche",2018-01-02 07:25:50,$1.50,1,$1.50
10035,"""BEVERAGE"" Iced Coffee",2018-01-02 07:25:50,$2.50,3,$7.50
10035,"""CONE"" Sugar Cone",2018-01-02 07:25:50,$1.00,1,$1.00
10035,"""ICE CREAM"" Matcha",2018-01-02 07:25:50,$1.50,3,$4.50
10036,"""ICE CREAM"" Wildberry",2018-01-02 07:33:02,$1.50,3,$4.50
10036,"""MISC"" Ice Cream Cake",2018-01-02 07:33:02,$2.00,1,$2.00
10037,"""CONE"" Cookie Cone",2018-01-02 07:41:19,$4.00,1,$4.00
10037,"""MISC"" Ice Cream Cake",2018-01-02 07:41:19,$2.00,3,$6.00
10037,"""ICE CREAM"" Mint Chip",2018-01-02 07:41:19,$1.50,2,$3.00
10037,"""ICE CREAM"" Matcha",2018-01-02 07:41:19,$1.50,3,$4.50
10037,"""CONE"" Sugar Cone",2018-01-02 07:41:19,$1.00,3,$3.00
10038,"""ICE CREAM"" Maple Brown Sugar",2018-01-02 08:01:33,$2.00,3,$6.00
10038,"""ICE CREAM"" Dark Chocolate",2018-01-02 08:01:33,$4.00,3,$12.00
10038,"""ICE CREAM"" Double Fudge Chunk",2018-01-02 08:01:33,$3.50,2,$7.00
10038,"""CONE"" Dipped Waffle Cone",2018-01-02 08:01:33,$3.50,2,$7.00
10039,"""CONE"" Brownie Cone",2018-01-02 09:00:57,$3.00,2,$6.00
10039,"""ICE CREAM"" Vanilla Bean",2018-01-02 09:00:57,$1.50,1,$1.50
10039,"""ICE CREAM"" Matcha",2018-01-02 09:00:57,$1.50,3,$4.50
10040,"""BEVERAGE"" Espresso",2018-01-02 09:27:32,$2.50,3,$7.50
10041,"""ICE CREAM"" Matcha",2018-01-02 09:46:13,$1.50,3,$4.50
10041,"""ICE CREAM"" Candied Bacon",2018-01-02 09:46:13,$0.50,2,$1.00
10041,"""ICE CREAM"" Strawberry",2018-01-02 09:46:13,$3.50,3,$10.50
10041,"""ICE CREAM"" Matcha",2018-01-02 09:46:13,$1.50,1,$1.50
10041,"""ICE CREAM"" Rocky Road",2018-01-02 09:46:13,$3.50,2,$7.00
10042,"""CONE"" Waffle Cone",2018-01-02 10:13:39,$4.00,3,$12.00
10043,,2018-01-02 10:17:54,$4.00,2,$8.00
10044,"""SORBET"" Watermelon",2018-01-02 11:08:39,$2.50,2,$5.00
10045,"""ICE CREAM"" Matcha",2018-01-02 11:29:19,$1.50,1,$1.50
10045,"""BEVERAGE"" Iced Coffee",2018-01-02 11:29:19,$2.50,3,$7.50
10046,"""SORBET"" Blood Orange",2018-01-02 11:45:48,$2.50,1,$2.50
10047,"""ICE CREAM"" Double Fudge Chunk",2018-01-02 12:01:59,$3.50,1,$3.50
10048,"""CONE"" Dipped Waffle Cone",2018-01-02 13:00:23,$3.50,2,$7.00
10048,"""ICE CREAM"" Double Fudge Chunk",2018-01-02 13:00:23,$3.50,1,$3.50
10048,"""ICE CREAM"" Maple Brown Sugar",2018-01-02 13:00:23,$2.00,1,$2.00
10048,"""ICE CREAM"" Matcha",2018-01-02 13:00:23,$1.50,2,$3.00
10048,"""ICE CREAM"" Wildberry",2018-01-02 13:00:23,$1.50,2,$3.00
10049,"""CONE"" Waffle Cone",2018-01-02 13:47:55,$4.00,2,$8.00
10049,"""CONE"" Dipped Waffle Cone",2018-01-02 13:47:55,$3.50,1,$3.50
10049,"""SORBET"" Watermelon",2018-01-02 13:47:55,$2.50,1,$2.50
10049,"""CONE"" Dipped Waffle Cone",2018-01-02 13:47:55,$3.50,1,$3.50
10050,"""ICE CREAM"" Dulce De Leche",2018-01-02 14:43:20,$1.50,2,$3.00
10050,"""ICE CREAM"" Wildberry",2018-01-02 14:43:20,$1.50,1,$1.50
10050,,2018-01-02 14:43:20,$2.50,2,$5.00
10050,"""SORBET"" Raspberry",2018-01-02 14:43:20,$2.50,1,$2.50
10051,"""ICE CREAM"" Earl Gray",2018-01-02 14:53:19,$0.50,3,$1.50
10051,"""ICE CREAM"" Wildberry",2018-01-02 14:53:19,$1.50,3,$4.50
10051,"""ICE CREAM"" Dark Chocolate",2018-01-02 14:53:19,$4.00,2,$8.00
10051,"""ICE CREAM"" Maple Brown Sugar",2018-01-02 14:53:19,$2.00,3,$6.00
10052,"""CONE"" Sugar Cone",2018-01-02 15:35:35,$1.00,1,$1.00
10053,"""BEVERAGE"" Iced Coffee",2018-01-02 16:08:37,$2.50,1,$2.50
10053,,2018-01-02 16:08:37,$4.00,2,$8.00
10053,"""ICE CREAM"" Maple Brown Sugar",2018-01-02 16:08:37,$2.00,3,$6.00
10053,"""ICE CREAM"" Strawberry",2018-01-02 16:08:37,$3.50,2,$7.00
10053,"""ICE CREAM"" Strawberry",2018-01-02 16:08:37,$3.50,3,$10.50
10054,"""CONE"" Waffle Cone",2018-01-02 17:06:28,$4.00,3,$12.00
10054,"""ICE CREAM"" Mint Chip",2018-01-02 17:06:28,$1.50,1,$1.50
10054,"""SORBET"" Lychee",2018-01-02 17:06:28,$3.00,1,$3.00
10054,"""CONE"" Cookie Cone",2018-01-02 17:06:28,$4.00,3,$12.00
10054,"""BEVERAGE"" Tea",2018-01-02 17:06:28,$4.00,1,$4.00
10055,"""SORBET"" Lemon",2018-01-02 17:57:23,$2.50,3,$7.50
10056,"""CONE"" Sugar Cone",2018-01-02 18:22:34,$1.00,2,$2.00
10056,"""ICE CREAM"" Candied Bacon",2018-01-02 18:22:34,$0.50,3,$1.50
10057,"""ICE CREAM"" Dulce De Leche",2018-01-02 18:36:56,$1.50,1,$1.50
10057,"""SORBET"" Watermelon",2018-01-02 18:36:56,$2.50,1,$2.50
10057,"""SORBET"" Raspberry",2018-01-02 18:36:56,$2.50,3,$7.50
10058,"""BEVERAGE"" Tea",2018-01-02 19:07:53,$4.00,2,$8.00
10058,"""ICE CREAM"" Vanilla Bean",2018-01-02 19:07:53,$1.50,1,$1.50
10059,"""BEVERAGE"" Tea",2018-01-02 19:16:05,$4.00,2,$8.00
10059,"""BEVERAGE"" Espresso",2018-01-02 19:16:05,$2.50,3,$7.50
10060,"""ICE CREAM"" Matcha",2018-01-02 20:01:43,$1.50,3,$4.50
10060,"""SORBET"" Watermelon",2018-01-02 20:01:43,$2.50,3,$7.50
10060,"""ICE CREAM"" Maple Brown Sugar",2018-01-02 20:01:43,$2.00,1,$2.00
10061,"""ICE CREAM"" Dark Chocolate",2018-01-02 20:26:42,$4.00,2,$8.00
10062,"""CONE"" Dipped Waffle Cone",2018-01-02 20:32:50,$3.50,3,$10.50
10062,"""SORBET"" Raspberry",2018-01-02 20:32:50,$2.50,1,$2.50
10062,"""CONE"" Cookie Cone",2018-01-02 20:32:50,$4.00,3,$12.00
10062,"""CONE"" Waffle Cone",2018-01-02 20:32:50,$4.00,1,$4.00
10063,"""ICE CREAM"" Earl Gray",2018-01-02 21:28:36,$0.50,3,$1.50
10063,"""ICE CREAM"" Earl Gray",2018-01-02 21:28:36,$0.50,3,$1.50
10063,"""ICE CREAM"" Dulce De Leche",2018-01-02 21:28:36,$1.50,1,$1.50
10064,"""ICE CREAM"" Strawberry",2018-01-02 22:01:34,$3.50,3,$10.50
10064,"""MISC"" Ice Cream Cake",2018-01-02 22:01:34,$2.00,2,$4.00
10064,"""CONE"" Waffle Cone",2018-01-02 22:01:34,$4.00,3,$12.00
10064,"""CONE"" Cookie Cone",2018-01-02 22:01:34,$4.00,3,$12.00
10065,"""CONE"" Waffle Cone",2018-01-02 22:18:57,$4.00,1,$4.00
10065,"""ICE CREAM"" Double Fudge Chunk",2018-01-02 22:18:57,$3.50,1,$3.50
10065,"""BEVERAGE"" Iced Coffee",2018-01-02 22:18:57,$2.50,1,$2.50
10065,"""ICE CREAM"" Dark Chocolate",2018-01-02 22:18:57,$4.00,3,$12.00
10066,"""ICE CREAM"" Vanilla Bean",2018-01-02 22:46:28,$-1.50,3,$-4.50
10067,"""ICE CREAM"" Maple Brown Sugar",2018-01-02 22:59:26,$2.00,2,$4.00
10067,"""ICE CREAM"" Matcha",2018-01-02 22:59:26,$1.50,2,$3.00
10067,"""BEVERAGE"" Espresso",2018-01-02 22:59:26,$2.50,3,$7.50
10068,"""SORBET"" Watermelon",2018-01-02 23:41:49,$2.50,1,$2.50
10069,"""SORBET"" Lemon",2018-01-02 23:54:23,$2.50,1,$2.50
10069,"""ICE CREAM"" Wildberry",2018-01-02 23:54:23,$1.50,3,$4.50
10069,"""SORBET"" Blood Orange",2018-01-02 23:54:23,$2.50,1,$2.50
10070,"""ICE CREAM"" Rocky Road",2018-01-03 00:25:38,$3.50,3,$10.50
10070,"""ICE CREAM"" Candied Bacon",2018-01-03 00:25:38,$0.50,2,$1.00
10070,"""ICE CREAM"" Maple Brown Sugar",2018-01-03 00:25:38,$2.00,2,$4.00
10070,"""ICE CREAM"" Wildberry",2018-01-03 00:25:38,$1.50,1,$1.50
10070,"""MISC"" Ice Cream Cake",2018-01-03 00:25:38,$2.00,1,$2.00
10071,"""BEVERAGE"" Iced Coffee",2018-01-03 00:55:06,$2.50,3,$7.50
10072,"""BEVERAGE"" Tea",2018-01-03 01:44:44,$4.00,2,$8.00
10072,"""ICE CREAM"" Rocky Road",2018-01-03 01:44:44,$3.50,3,$10.50
10072,"""ICE CREAM"" Earl Gray",2018-01-03 01:44:44,$0.50,2,$1.00
10072,"""SORBET"" Raspberry",2018-01-03 01:44:44,$2.50,2,$5.00
10073,"""ICE CREAM"" Mint Chip",2018-01-03 01:45:00,$1.50,3,$4.50
10073,"""ICE CREAM"" Mint Chip",2018-01-03 01:45:00,$1.50,3,$4.50
10073,"""ICE CREAM"" Mint Chip",2018-01-03 01:45:00,$1.50,1,$1.50
10073,"""ICE CREAM"" Rocky Road",2018-01-03 01:45:00,$3.50,2,$7.00
10073,"""ICE CREAM"" Mint Chip",2018-01-03 01:45:00,$1.50,3,$4.50
10074,"""ICE CREAM"" Dark Chocolate",2018-01-03 02:11:33,$4.00,2,$8.00
10074,"""CONE"" Waffle Cone",2018-01-03 02:11:33,$4.00,3,$12.00
10074,"""ICE CREAM"" Vanilla Bean",2018-01-03 02:11:33,$1.50,1,$1.50
10074,"""ICE CREAM"" Mint Chip",2018-01-03 02:11:33,$1.50,2,$3.00
10074,"""ICE CREAM"" Double Fudge Chunk",2018-01-03 02:11:33,$3.50,1,$3.50
10075,"""CONE"" Cookie Cone",2018-01-03 02:27:52,$4.00,3,$12.00
10076,"""ICE CREAM"" Maple Brown Sugar",2018-01-03 02:34:00,$2.00,2,$4.00
10076,"""SORBET"" Raspberry",2018-01-03 02:34:00,$2.50,2,$5.00
10077,"""ICE CREAM"" Strawberry",2018-01-03 03:26:11,$3.50,1,$3.50
10077,"""CONE"" Cookie Cone",2018-01-03 03:26:11,$4.00,3,$12.00
10077,"""ICE CREAM"" Wildberry",2018-01-03 03:26:11,$1.50,3,$4.50
10077,"""ICE CREAM"" Rocky Road",2018-01-03 03:26:11,$3.50,2,$7.00
10078,"""ICE CREAM"" Earl Gray",2018-01-03 04:09:37,$0.50,1,$0.50
10078,"""MISC"" Ice Cream Cake",2018-01-03 04:09:37,$2.00,1,$2.00
10078,"""SORBET"" Watermelon",2018-01-03 04:09:37,$2.50,1,$2.50
10078,"""CONE"" Sugar Cone",2018-01-03 04:09:37,$1.00,3,$3.00
10078,"""CONE"" Brownie Cone",2018-01-03 04:09:37,$3.00,2,$6.00
10079,"""SORBET"" Watermelon",2018-01-03 04:56:24,$2.50,2,$5.00
10079,"""SORBET"" Raspberry",2018-01-03 04:56:24,$2.50,1,$2.50
10080,,2018-01-03 05:46:44,$1.50,3,$4.50
10080,"""BEVERAGE"" Tea",2018-01-03 05:46:44,$4.00,1,$4.00
10080,"""ICE CREAM"" Strawberry",2018-01-03 05:46:44,$3.50,2,$7.00
10080,"""MISC"" Ice Cream Cake",2018-01-03 05:46:44,$2.00,1,$2.00
10080,"""ICE CREAM"" Earl Gray",2018-01-03 05:46:44,$0.50,2,$1.00
10081,"""ICE CREAM"" Matcha",2018-01-03 06:38:05,$1.50,1,$1.50
10081,"""ICE CREAM"" Rocky Road",2018-01-03 06:38:05,$3.50,2,$7.00
10081,"""ICE CREAM"" Matcha",2018-01-03 06:38:05,$1.50,2,$3.00
10082,"""ICE CREAM"" Wildberry",2018-01-03 06:38:21,$1.50,2,$3.00
10082,"""ICE CREAM"" Matcha",2018-01-03 06:38:21,$1.50,3,$4.50
10082,"""ICE CREAM"" Peanut Fudge",2018-01-03 06:38:21,$3.50,3,$10.50
10082,,2018-01-03 06:38:21,$1.50,2,$3.00
10083,"""ICE CREAM"" Mint Chip",2018-01-03 06:41:57,$1.50,1,$1.50
10083,"""ICE CREAM"" Dark Chocolate",2018-01-03 06:41:57,$4.00,1,$4.00
10083,"""ICE CREAM"" Matcha",2018-01-03 06:41:57,$1.50,2,$3.00
10083,"""CONE"" Waffle Cone",2018-01-03 06:41:57,$4.00,3,$12.00
10084,"""SORBET"" Raspberry",2018-01-03 07:10:59,$2.50,3,$7.50
10084,"""BEVERAGE"" Espresso",2018-01-03 07:10:59,$2.50,1,$2.50
10084,"""BEVERAGE"" Espresso",2018-01-03 07:10:59,$2.50,2,$5.00
10085,,2018-01-03 07:16:53,$4.00,1,$4.00
10085,"""BEVERAGE"" Tea",2018-01-03 07:16:53,$4.00,3,$12.00
10085,"""ICE CREAM"" Matcha",2018-01-03 07:16:53,$1.50,2,$3.00
10086,"""ICE CREAM"" Earl Gray",2018-01-03 08:05:23,$0.50,1,$0.50
10087,"""ICE CREAM"" Peanut Fudge",2018-01-03 08:08:49,$3.50,1,$3.50
10087,"""SORBET"" Watermelon",2018-01-03 08:08:49,$2.50,1,$2.50
10087,"""MISC"" Ice Cream Cake",2018-01-03 08:08:49,$2.00,1,$2.00
10087,"""ICE CREAM"" Strawberry",2018-01-03 08:08:49,$3.50,3,$10.50
10087,"""ICE CREAM"" Peanut Fudge",2018-01-03 08:08:49,$3.50,3,$10.50
10088,"""ICE CREAM"" Vanilla Bean",2018-01-03 08:19:52,$1.50,3,$4.50
10088,"""CONE"" Sugar Cone",2018-01-03 08:19:52,$1.00,2,$2.00
10088,"""SORBET"" Blood Orange",2018-01-03 08:19:52,$2.50,2,$5.00
10088,"""ICE CREAM"" Strawberry",2018-01-03 08:19:52,$3.50,3,$10.50
10089,"""BEVERAGE"" Tea",2018-01-03 08:49:11,$4.00,2,$8.00
10089,"""BEVERAGE"" Tea",2018-01-03 08:49:11,$4.00,3,$12.00
10089,"""SORBET"" Raspberry",2018-01-03 08:49:11,$2.50,2,$5.00
10089,"""ICE CREAM"" Dulce De Leche",2018-01-03 08:49:11,$1.50,3,$4.50
10089,,2018-01-03 08:49:11,$4.00,1,$4.00
10090,"""SORBET"" Blood Orange",2018-01-03 09:05:40,$-2.50,2,$-5.00
10090,"""ICE CREAM"" Double Fudge Chunk",2018-01-03 09:05:40,$3.50,2,$7.00
10090,"""SORBET"" Raspberry",2018-01-03 09:05:40,$2.50,2,$5.00
10090,"""ICE CREAM"" Wildberry",2018-01-03 09:05:40,$1.50,2,$3.00
10090,"""ICE CREAM"" Rocky Road",2018-01-03 09:05:40,$3.50,2,$7.00
10091,"""SORBET"" Blood Orange",2018-01-03 09:14:48,$2.50,2,$5.00
10091,"""SORBET"" Blood Orange",2018-01-03 09:14:48,$2.50,2,$5.00
10091,"""SORBET"" Watermelon",2018-01-03 09:14:48,$2.50,1,$2.50
10092,"""ICE CREAM"" Peanut Fudge",2018-01-03 09:44:29,$3.50,3,$10.50
10092,"""CONE"" Sugar Cone",2018-01-03 09:44:29,$1.00,2,$2.00
10092,"""CONE"" Cookie Cone",2018-01-03 09:44:29,$4.00,3,$12.00
10092,"""CONE"" Sugar Cone",2018-01-03 09:44:29,$1.00,2,$2.00
10093,,2018-01-03 09:57:16,$3.50,2,$7.00
10093,"""BEVERAGE"" Tea",2018-01-03 09:57:16,$4.00,1,$4.00
10093,"""BEVERAGE"" Iced Coffee",2018-01-03 09:57:16,$2.50,3,$7.50
10094,"""ICE CREAM"" Wildberry",2018-01-03 10:29:11,$1.50,2,$3.00
10094,"""CONE"" Waffle Cone",2018-01-03 10:29:11,$4.00,2,$8.00
10094,"""ICE CREAM"" Earl Gray",2018-01-03 10:29:11,$0.50,3,$1.50
10094,"""BEVERAGE"" Iced Coffee",2018-01-03 10:29:11,$2.50,1,$2.50
10094,"""CONE"" Brownie Cone",2018-01-03 10:29:11,$3.00,2,$6.00
10095,"""ICE CREAM"" Dulce De Leche",2018-01-03 11:03:50,$1.50,3,$4.50
10095,"""ICE CREAM"" Vanilla Bean",2018-01-03 11:03:50,$1.50,3,$4.50
10095,"""BEVERAGE"" Tea",2018-01-03 11:03:50,$4.00,2,$8.00
10095,"""CONE"" Waffle Cone",2018-01-03 11:03:50,$4.00,3,$12.00
10096,,2018-01-03 11:31:03,$1.50,1,$1.50
10096,"""SORBET"" Lemon",2018-01-03 11:31:03,$2.50,2,$5.00
10096,"""CONE"" Brownie Cone",2018-01-03 11:31:03,$3.00,1,$3.00
10096,"""ICE CREAM"" Dark Chocolate",2018-01-03 11:31:03,$4.00,2,$8.00
10097,"""BEVERAGE"" Iced Coffee",2018-01-03 12:20:11,$2.50,2,$6.00
10097,"""MISC"" Ice Cream Cake",2018-01-03 12:20:11,$2.00,3,$6.00
10097,"""ICE CREAM"" Dulce De Leche",2018-01-03 12:20:11,$1.50,3,$4.50
10098,"""ICE CREAM"" Strawberry",2018-01-03 13:08:43,$3.50,3,$10.50
10098,"""ICE CREAM"" Candied Bacon",2018-01-03 13:08:43,$0.50,1,$0.50
10099,"""ICE CREAM"" Double Fudge Chunk",2018-01-03 14:03:34,$3.50,1,$3.50
10099,"""SORBET"" Blood Orange",2018-01-03 14:03:34,$2.50,1,$2.50
10100,"""BEVERAGE"" Espresso",2018-01-03 14:11:28,$2.50,3,$7.50
10100,"""ICE CREAM"" Wildberry",2018-01-03 14:11:28,$1.50,2,$3.00
10101,"""CONE"" Waffle Cone",2018-01-03 14:42:04,$4.00,1,$4.00
10102,"""BEVERAGE"" Iced Coffee",2018-01-03 14:50:28,$2.50,3,$7.50
10102,"""BEVERAGE"" Tea",2018-01-03 14:50:28,$4.00,2,$8.00
10102,"""ICE CREAM"" Maple Brown Sugar",2018-01-03 14:50:28,$2.00,1,$2.00
10102,"""ICE CREAM"" Vanilla Bean",2018-01-03 14:50:28,$1.50,1,$1.50
10103,"""BEVERAGE"" Tea",2018-01-03 15:18:54,$4.00,3,$12.00
10103,"""BEVERAGE"" Iced Coffee",2018-01-03 15:18:54,$2.50,1,$2.50
10103,"""SORBET"" Lemon",2018-01-03 15:18:54,$2.50,1,$2.50
10104,"""ICE CREAM"" Matcha",2018-01-03 15:37:26,$1.50,3,$4.50
10105,"""ICE CREAM"" Earl Gray",2018-01-03 16:26:57,$0.50,3,$1.50
10105,"""SORBET"" Lemon",2018-01-03 16:26:57,$2.50,3,$7.50
10105,"""ICE CREAM"" Wildberry",2018-01-03 16:26:57,$1.50,2,$3.00
10106,"""BEVERAGE"" Espresso",2018-01-03 16:31:41,$2.50,1,$2.50
10106,"""BEVERAGE"" Iced Coffee",2018-01-03 16:31:41,$2.50,3,$7.50
10106,"""ICE CREAM"" Double Fudge Chunk",2018-01-03 16:31:41,$3.50,2,$7.00
10106,"""ICE CREAM"" Strawberry",2018-01-03 16:31:41,$3.50,1,$3.50
10107,"""ICE CREAM"" Earl Gray",2018-01-03 17:29:51,$0.50,1,$0.50
10108,"""ICE CREAM"" Peanut Fudge",2018-01-03 18:23:52,$3.50,3,$10.50
10108,"""SORBET"" Blood Orange",2018-01-03 18:23:52,$2.50,3,$7.50
10108,"""BEVERAGE"" Tea",2018-01-03 18:23:52,$4.00,3,$12.00
10109,"""CONE"" Sugar Cone",2018-01-03 19:08:52,$1.00,1,$1.00
10110,"""ICE CREAM"" Vanilla Bean",2018-01-03 20:05:39,$1.50,1,$1.50
10110,"""ICE CREAM"" Dulce De Leche",2018-01-03 20:05:39,$1.50,1,$1.50
10110,"""ICE CREAM"" Strawberry",2018-01-03 20:05:39,$3.50,2,$7.00
10110,"""CONE"" Dipped Waffle Cone",2018-01-03 20:05:39,$3.50,3,$10.50
10110,"""ICE CREAM"" Double Fudge Chunk",2018-01-03 20:05:39,$3.50,3,$10.50
10111,"""MISC"" Ice Cream Cake",2018-01-03 20:54:10,$2.00,1,$2.00
10111,"""ICE CREAM"" Matcha",2018-01-03 20:54:10,$1.50,2,$3.00
10112,,2018-01-03 20:58:55,$3.00,1,$3.00
10113,"""ICE CREAM"" Vanilla Bean",2018-01-03 20:59:08,$1.50,3,$4.50
10113,"""MISC"" Ice Cream Cake",2018-01-03 20:59:08,$2.00,1,$2.00
10113,"""ICE CREAM"" Earl Gray",2018-01-03 20:59:08,$0.50,1,$0.50
10113,"""ICE CREAM"" Earl Gray",2018-01-03 20:59:08,$0.50,2,$1.00
10114,"""SORBET"" Lemon",2018-01-03 21:47:47,$2.50,1,$2.50
10114,"""SORBET"" Raspberry",2018-01-03 21:47:47,$2.50,2,$5.00
10114,,2018-01-03 21:47:47,$2.00,3,$6.00
10115,"""BEVERAGE"" Iced Coffee",2018-01-03 21:50:31,$2.50,1,$2.50
10116,"""SORBET"" Lychee",2018-01-03 22:01:02,$3.00,2,$6.00
10116,"""ICE CREAM"" Mint Chip",2018-01-03 22:01:02,$1.50,1,$1.50
10116,"""ICE CREAM"" Mint Chip",2018-01-03 22:01:02,$1.50,3,$4.50
10116,"""ICE CREAM"" Vanilla Bean",2018-01-03 22:01:02,$1.50,3,$4.50
10117,,2018-01-03 22:02:26,$2.00,2,$4.00
10117,"""ICE CREAM"" Peanut Fudge",2018-01-03 22:02:26,$3.50,3,$10.50
10117,"""ICE CREAM"" Mint Chip",2018-01-03 22:02:26,$1.50,3,$4.50
10117,"""ICE CREAM"" Mint Chip",2018-01-03 22:02:26,$1.50,1,$1.50
10118,"""SORBET"" Blood Orange",2018-01-03 22:56:09,$2.50,3,$7.50
10118,"""SORBET"" Lemon",2018-01-03 22:56:09,$2.50,2,$5.00
10118,"""SORBET"" Blood Orange",2018-01-03 22:56:09,$2.50,3,$7.50
10119,"""ICE CREAM"" Rocky Road",2018-01-03 23:06:46,$3.50,1,$3.50
10119,"""BEVERAGE"" Iced Coffee",2018-01-03 23:06:46,$2.50,2,$5.00
10119,"""ICE CREAM"" Rocky Road",2018-01-03 23:06:46,$3.50,2,$7.00
10119,"""MISC"" Ice Cream Cake",2018-01-03 23:06:46,$2.00,3,$6.00
10120,"""ICE CREAM"" Mint Chip",2018-01-03 23:53:00,$1.50,3,$4.50
10120,"""SORBET"" Lychee",2018-01-03 23:53:00,$3.00,1,$3.00
10120,"""MISC"" Ice Cream Cake",2018-01-03 23:53:00,$2.00,3,$6.00
10120,"""ICE CREAM"" Dark Chocolate",2018-01-03 23:53:00,$4.00,2,$8.00
10121,"""BEVERAGE"" Iced Coffee",2018-01-04 00:27:42,$2.50,1,$2.50
10122,"""ICE CREAM"" Peanut Fudge",2018-01-04 00:29:02,$3.50,3,$10.50
10122,"""SORBET"" Lychee",2018-01-04 00:29:02,$3.00,3,$9.00
10122,"""ICE CREAM"" Vanilla Bean",2018-01-04 00:29:02,$1.50,1,$1.50
10123,"""ICE CREAM"" Vanilla Bean",2018-01-04 00:42:29,$1.50,2,$3.00
10123,"""SORBET"" Raspberry",2018-01-04 00:42:29,$2.50,1,$2.50
10123,"""ICE CREAM"" Dark Chocolate",2018-01-04 00:42:29,$4.00,1,$4.00
10123,"""BEVERAGE"" Tea",2018-01-04 00:42:29,$4.00,2,$8.00
10124,"""ICE CREAM"" Candied Bacon",2018-01-04 01:17:29,$0.50,3,$1.50
10124,"""ICE CREAM"" Maple Brown Sugar",2018-01-04 01:17:29,$2.00,3,$6.00
10124,"""MISC"" Ice Cream Cake",2018-01-04 01:17:29,$2.00,1,$2.00
10124,"""BEVERAGE"" Espresso",2018-01-04 01:17:29,$2.50,3,$7.50
10125,"""ICE CREAM"" Wildberry",2018-01-04 02:15:10,$1.50,2,$3.00
10125,"""CONE"" Cookie Cone",2018-01-04 02:15:10,$4.00,3,$12.00
10126,"""ICE CREAM"" Matcha",2018-01-04 02:27:10,$1.50,3,$4.50
10127,"""ICE CREAM"" Matcha",2018-01-04 02:28:13,$1.50,1,$1.50
10128,,2018-01-04 02:37:01,$1.50,3,$4.50
10128,"""ICE CREAM"" Rocky Road",2018-01-04 02:37:01,$3.50,3,$10.50
10129,,2018-01-04 02:44:47,$3.50,1,$3.50
10130,"""ICE CREAM"" Mint Chip",2018-01-04 03:06:58,$1.50,1,$1.50
10130,"""SORBET"" Raspberry",2018-01-04 03:06:58,$2.50,2,$5.00
10130,"""SORBET"" Lychee",2018-01-04 03:06:58,$3.00,3,$9.00
10130,"""CONE"" Waffle Cone",2018-01-04 03:06:58,$4.00,1,$4.00
10130,"""ICE CREAM"" Candied Bacon",2018-01-04 03:06:58,$0.50,1,$0.50
10131,,2018-01-04 03:13:54,$0.50,1,$0.50
10131,"""ICE CREAM"" Peanut Fudge",2018-01-04 03:13:54,$3.50,1,$3.50
10131,,2018-01-04 03:13:54,$4.00,3,$12.00
10131,"""CONE"" Waffle Cone",2018-01-04 03:13:54,$4.00,3,$12.00
10132,"""SORBET"" Raspberry",2018-01-04 04:08:13,$2.50,2,$5.00
10132,"""ICE CREAM"" Vanilla Bean",2018-01-04 04:08:13,$1.50,3,$4.50
10132,"""CONE"" Brownie Cone",2018-01-04 04:08:13,$3.00,1,$3.00
10132,"""ICE CREAM"" Rocky Road",2018-01-04 04:08:13,$3.50,1,$3.50
10132,"""CONE"" Dipped Waffle Cone",2018-01-04 04:08:13,$3.50,3,$10.50
10133,"""BEVERAGE"" Espresso",2018-01-04 04:49:18,$2.50,1,$2.50
10133,"""ICE CREAM"" Rocky Road",2018-01-04 04:49:18,$3.50,3,$10.50
10133,"""ICE CREAM"" Peanut Fudge",2018-01-04 04:49:18,$3.50,2,$7.00
10133,,2018-01-04 04:49:18,$1.50,1,$1.50
10133,"""CONE"" Cookie Cone",2018-01-04 04:49:18,$4.00,1,$4.00
10134,"""ICE CREAM"" Peanut Fudge",2018-01-04 05:10:54,$3.50,2,$7.00
10134,"""SORBET"" Blood Orange",2018-01-04 05:10:54,$2.50,3,$7.50
10135,"""ICE CREAM"" Dark Chocolate",2018-01-04 05:11:45,$4.00,3,$12.00
10135,"""ICE CREAM"" Vanilla Bean",2018-01-04 05:11:45,$1.50,1,$1.50
10135,"""ICE CREAM"" Candied Bacon",2018-01-04 05:11:45,$0.50,2,$1.00
10135,"""CONE"" Brownie Cone",2018-01-04 05:11:45,$3.00,1,$3.00
10135,"""ICE CREAM"" Maple Brown Sugar",2018-01-04 05:11:45,$2.00,3,$6.00
10136,"""ICE CREAM"" Dark Chocolate",2018-01-04 05:38:18,$4.00,1,$4.00
10136,"""ICE CREAM"" Vanilla Bean",2018-01-04 05:38:18,$1.50,2,$3.00
10136,"""MISC"" Ice Cream Cake",2018-01-04 05:38:18,$2.00,3,$6.00
10136,"""BEVERAGE"" Espresso",2018-01-04 05:38:18,$2.50,1,$2.50
10137,"""ICE CREAM"" Candied Bacon",2018-01-04 06:05:22,$0.50,2,$1.00
10137,"""ICE CREAM"" Peanut Fudge",2018-01-04 06:05:22,$3.50,3,$10.50
10138,,2018-01-04 06:39:46,$4.00,3,$12.00
10138,"""CONE"" Brownie Cone",2018-01-04 06:39:46,$3.00,2,$6.00
10139,"""ICE CREAM"" Dark Chocolate",2018-01-04 06:57:48,$4.00,3,$12.00
10139,"""ICE CREAM"" Strawberry",2018-01-04 06:57:48,$3.50,3,$10.50
10139,"""CONE"" Dipped Waffle Cone",2018-01-04 06:57:48,$3.50,3,$10.50
10139,"""ICE CREAM"" Strawberry",2018-01-04 06:57:48,$3.50,2,$7.00
10139,"""BEVERAGE"" Espresso",2018-01-04 06:57:48,$2.50,3,$7.50
10140,"""ICE CREAM"" Wildberry",2018-01-04 07:11:54,$1.50,3,$4.50
10140,"""ICE CREAM"" Dulce De Leche",2018-01-04 07:11:54,$1.50,2,$3.00
10141,"""ICE CREAM"" Vanilla Bean",2018-01-04 07:36:52,$1.50,3,$4.50
10141,"""ICE CREAM"" Strawberry",2018-01-04 07:36:52,$3.50,2,$7.00
10141,"""ICE CREAM"" Earl Gray",2018-01-04 07:36:52,$0.50,1,$0.50
10141,"""CONE"" Brownie Cone",2018-01-04 07:36:52,$3.00,3,$9.00
10142,"""ICE CREAM"" Wildberry",2018-01-04 07:59:16,$1.50,3,$4.50
10142,"""SORBET"" Raspberry",2018-01-04 07:59:16,$2.50,3,$7.50
10142,,2018-01-04 07:59:16,$4.00,2,$8.00
10143,"""BEVERAGE"" Espresso",2018-01-04 08:32:48,$2.50,1,$2.50
10143,"""ICE CREAM"" Double Fudge Chunk",2018-01-04 08:32:48,$3.50,1,$3.50
10143,"""SORBET"" Watermelon",2018-01-04 08:32:48,$2.50,1,$2.50
10143,"""SORBET"" Blood Orange",2018-01-04 08:32:48,$2.50,1,$2.50
10143,,2018-01-04 08:32:48,$2.50,3,$7.50
10144,"""ICE CREAM"" Vanilla Bean",2018-01-04 09:20:32,$1.50,2,$3.00
10145,"""CONE"" Cookie Cone",2018-01-04 10:05:10,$4.00,3,$12.00
10145,"""BEVERAGE"" Iced Coffee",2018-01-04 10:05:10,$2.50,2,$5.00
10146,"""SORBET"" Lemon",2018-01-04 10:17:12,$2.50,3,$7.50
10146,"""BEVERAGE"" Espresso",2018-01-04 10:17:12,$2.50,2,$5.00
10146,"""BEVERAGE"" Iced Coffee",2018-01-04 10:17:12,$2.50,1,$2.50
10147,"""ICE CREAM"" Wildberry",2018-01-04 10:28:02,$1.50,1,$1.50
10147,"""CONE"" Sugar Cone",2018-01-04 10:28:02,$1.00,3,$3.00
10147,"""SORBET"" Blood Orange",2018-01-04 10:28:02,$2.50,2,$5.00
10147,"""CONE"" Waffle Cone",2018-01-04 10:28:02,$4.00,2,$8.00
10147,"""SORBET"" Watermelon",2018-01-04 10:28:02,$2.50,1,$2.50
10148,"""BEVERAGE"" Iced Coffee",2018-01-04 10:31:15,$2.50,3,$7.50
10148,"""CONE"" Sugar Cone",2018-01-04 10:31:15,$1.00,2,$2.00
10148,"""CONE"" Cookie Cone",2018-01-04 10:31:15,$4.00,3,$12.00
10148,"""ICE CREAM"" Dark Chocolate",2018-01-04 10:31:15,$4.00,1,$4.00
10149,"""ICE CREAM"" Strawberry",2018-01-04 11:15:54,$3.50,1,$3.50
10149,"""CONE"" Brownie Cone",2018-01-04 11:15:54,$3.00,3,$9.00
10149,"""CONE"" Dipped Waffle Cone",2018-01-04 11:15:54,$3.50,3,$10.50
10149,"""ICE CREAM"" Maple Brown Sugar",2018-01-04 11:15:54,$2.00,1,$2.00
10149,"""ICE CREAM"" Vanilla Bean",2018-01-04 11:15:54,$1.50,1,$1.50
10150,"""SORBET"" Blood Orange",2018-01-04 12:07:21,$2.50,1,$2.50
10151,"""CONE"" Waffle Cone",2018-01-04 12:10:06,$4.00,1,$4.00
10151,,2018-01-04 12:10:06,$2.50,2,$5.00
10152,"""CONE"" Cookie Cone",2018-01-04 12:38:36,$4.00,3,$12.00
10152,"""ICE CREAM"" Strawberry",2018-01-04 12:38:36,$3.50,1,$3.50
10152,"""CONE"" Brownie Cone",2018-01-04 12:38:36,$3.00,1,$3.00
10152,"""SORBET"" Watermelon",2018-01-04 12:38:36,$2.50,1,$2.50
10153,"""ICE CREAM"" Maple Brown Sugar",2018-01-04 12:49:40,$2.00,3,$6.00
10153,"""BEVERAGE"" Iced Coffee",2018-01-04 12:49:40,$2.50,1,$2.50
10153,"""SORBET"" Raspberry",2018-01-04 12:49:40,$2.50,2,$5.00
10153,"""SORBET"" Watermelon",2018-01-04 12:49:40,$2.50,3,$7.50
10154,,2018-01-04 13:16:16,$2.50,3,$7.50
10154,"""ICE CREAM"" Matcha",2018-01-04 13:16:16,$1.50,3,$4.50
10154,"""ICE CREAM"" Dark Chocolate",2018-01-04 13:16:16,$4.00,1,$4.00
10155,"""BEVERAGE"" Iced Coffee",2018-01-04 13:21:20,$2.50,3,$7.50
10155,,2018-01-04 13:21:20,$2.50,2,$5.00
10155,"""SORBET"" Lychee",2018-01-04 13:21:20,$3.00,1,$3.00
10155,"""ICE CREAM"" Matcha",2018-01-04 13:21:20,$1.50,1,$1.50
10155,"""BEVERAGE"" Tea",2018-01-04 13:21:20,$4.00,1,$4.00
10156,"""ICE CREAM"" Strawberry",2018-01-04 13:56:04,$3.50,3,$10.50
10156,"""ICE CREAM"" Mint Chip",2018-01-04 13:56:04,$1.50,3,$4.50
10156,"""ICE CREAM"" Mint Chip",2018-01-04 13:56:04,$1.50,2,$3.00
10156,"""ICE CREAM"" Earl Gray",2018-01-04 13:56:04,$0.50,1,$0.50
10157,"""ICE CREAM"" Maple Brown Sugar",2018-01-04 14:01:45,$2.00,2,$4.00
10157,"""SORBET"" Watermelon",2018-01-04 14:01:45,$2.50,3,$7.50
10158,"""BEVERAGE"" Espresso",2018-01-04 14:19:46,$2.50,3,$7.50
10159,"""ICE CREAM"" Earl Gray",2018-01-04 14:47:16,$0.50,3,$1.50
10159,"""SORBET"" Watermelon",2018-01-04 14:47:16,$2.50,1,$2.50
10159,"""BEVERAGE"" Tea",2018-01-04 14:47:16,$4.00,2,$8.00
10160,"""ICE CREAM"" Dark Chocolate",2018-01-04 15:11:18,$4.00,1,$4.00
10160,"""CONE"" Dipped Waffle Cone",2018-01-04 15:11:18,$3.50,1,$3.50
10160,"""SORBET"" Lychee",2018-01-04 15:11:18,$3.00,3,$9.00
10161,"""BEVERAGE"" Iced Coffee",2018-01-04 15:51:14,$2.50,3,$7.50
10161,"""MISC"" Ice Cream Cake",2018-01-04 15:51:14,$2.00,2,$4.00
10161,"""SORBET"" Lemon",2018-01-04 15:51:14,$2.50,3,$7.50
10161,"""BEVERAGE"" Espresso",2018-01-04 15:51:14,$2.50,3,$7.50
10162,"""ICE CREAM"" Dulce De Leche",2018-01-04 16:42:08,$1.50,1,$1.50
10162,"""ICE CREAM"" Rocky Road",2018-01-04 16:42:08,$3.50,1,$3.50
10163,"""BEVERAGE"" Tea",2018-01-04 17:17:55,$4.00,3,$12.00
10164,"""ICE CREAM"" Peanut Fudge",2018-01-04 17:29:12,$3.50,1,$3.50
10164,,2018-01-04 17:29:12,$1.50,1,$1.50
10165,"""BEVERAGE"" Espresso",2018-01-04 18:06:47,$2.50,1,$2.50
10165,"""SORBET"" Watermelon",2018-01-04 18:06:47,$2.50,1,$2.50
10166,"""ICE CREAM"" Earl Gray",2018-01-04 18:08:22,$0.50,1,$0.50
10166,"""CONE"" Dipped Waffle Cone",2018-01-04 18:08:22,$3.50,2,$7.00
10166,,2018-01-04 18:08:22,$3.50,3,$10.50
10167,"""ICE CREAM"" Matcha",2018-01-04 18:18:03,$1.50,1,$1.50
10167,"""BEVERAGE"" Espresso",2018-01-04 18:18:03,$2.50,2,$5.00
10167,"""ICE CREAM"" Matcha",2018-01-04 18:18:03,$1.50,1,$1.50
10168,"""CONE"" Dipped Waffle Cone",2018-01-04 18:43:09,$3.50,2,$7.00
10168,"""ICE CREAM"" Dark Chocolate",2018-01-04 18:43:09,$4.00,3,$12.00
10168,"""CONE"" Brownie Cone",2018-01-04 18:43:09,$3.00,2,$6.00
10168,"""ICE CREAM"" Strawberry",2018-01-04 18:43:09,$3.50,3,$10.50
10168,"""ICE CREAM"" Candied Bacon",2018-01-04 18:43:09,$0.50,2,$1.00
10169,"""ICE CREAM"" Wildberry",2018-01-04 19:31:37,$1.50,2,$3.00
10169,"""CONE"" Sugar Cone",2018-01-04 19:31:37,$1.00,2,$2.00
10169,"""BEVERAGE"" Iced Coffee",2018-01-04 19:31:37,$2.50,3,$7.50
10169,"""ICE CREAM"" Dark Chocolate",2018-01-04 19:31:37,$4.00,2,$8.00
10170,"""SORBET"" Lychee",2018-01-04 20:19:35,$3.00,3,$9.00
10170,"""ICE CREAM"" Candied Bacon",2018-01-04 20:19:35,$0.50,1,$0.50
10171,"""SORBET"" Lemon",2018-01-04 20:31:26,$2.50,1,$2.50
10171,"""ICE CREAM"" Dark Chocolate",2018-01-04 20:31:26,$4.00,3,$12.00
10171,"""ICE CREAM"" Strawberry",2018-01-04 20:31:26,$3.50,3,$10.50
10171,"""BEVERAGE"" Espresso",2018-01-04 20:31:26,$2.50,1,$2.50
10171,"""CONE"" Dipped Waffle Cone",2018-01-04 20:31:26,$3.50,2,$7.00
10172,"""ICE CREAM"" Maple Brown Sugar",2018-01-04 20:42:04,$2.00,2,$4.00
10172,,2018-01-04 20:42:04,$1.50,1,$1.50
10172,"""ICE CREAM"" Peanut Fudge",2018-01-04 20:42:04,$3.50,2,$7.00
10172,"""ICE CREAM"" Vanilla Bean",2018-01-04 20:42:04,$1.50,2,$3.00
10172,"""SORBET"" Lemon",2018-01-04 20:42:04,$2.50,2,$5.00
10173,"""ICE CREAM"" Candied Bacon",2018-01-04 21:07:37,$0.50,2,$1.00
10174,"""ICE CREAM"" Candied Bacon",2018-01-04 21:10:43,$0.50,3,$1.50
10174,"""ICE CREAM"" Earl Gray",2018-01-04 21:10:43,$-0.50,2,$-1.00
10174,"""ICE CREAM"" Wildberry",2018-01-04 21:10:43,$1.50,1,$1.50
10175,"""ICE CREAM"" Vanilla Bean",2018-01-04 21:23:34,$1.50,2,$3.00
10175,"""ICE CREAM"" Vanilla Bean",2018-01-04 21:23:34,$1.50,3,$4.50
10175,"""ICE CREAM"" Dulce De Leche",2018-01-04 21:23:34,$1.50,1,$1.50
10175,"""SORBET"" Lychee",2018-01-04 21:23:34,$3.00,1,$3.00
10175,"""SORBET"" Lychee",2018-01-04 21:23:34,$3.00,2,$6.00
10176,"""SORBET"" Watermelon",2018-01-04 21:56:30,$2.50,1,$2.50
10177,"""ICE CREAM"" Matcha",2018-01-04 22:11:51,$1.50,2,$3.00
10177,"""BEVERAGE"" Espresso",2018-01-04 22:11:51,$2.50,1,$2.50
10177,"""ICE CREAM"" Strawberry",2018-01-04 22:11:51,$3.50,3,$10.50
10178,"""SORBET"" Lemon",2018-01-04 23:11:01,$2.50,2,$5.00
10178,"""CONE"" Cookie Cone",2018-01-04 23:11:01,$4.00,3,$12.00
10178,,2018-01-04 23:11:01,$4.00,1,$4.00
10178,"""CONE"" Brownie Cone",2018-01-04 23:11:01,$3.00,3,$9.00
10178,"""ICE CREAM"" Earl Gray",2018-01-04 23:11:01,$0.50,2,$1.00
10179,"""BEVERAGE"" Espresso",2018-01-04 23:12:48,$2.50,1,$2.50
10180,"""ICE CREAM"" Dulce De Leche",2018-01-04 23:47:49,$1.50,1,$1.50
10180,"""ICE CREAM"" Maple Brown Sugar",2018-01-04 23:47:49,$2.00,1,$2.00
10180,"""CONE"" Brownie Cone",2018-01-04 23:47:49,$3.00,2,$6.00
10181,"""BEVERAGE"" Iced Coffee",2018-01-04 23:49:49,$2.50,3,$7.50
10181,"""CONE"" Dipped Waffle Cone",2018-01-04 23:49:49,$3.50,3,$10.50
10181,"""CONE"" Cookie Cone",2018-01-04 23:49:49,$-4.00,2,$-8.00
10181,"""ICE CREAM"" Candied Bacon",2018-01-04 23:49:49,$0.50,1,$0.50
10182,"""ICE CREAM"" Double Fudge Chunk",2018-01-04 23:58:47,$3.50,2,$7.00
10182,"""MISC"" Ice Cream Cake",2018-01-04 23:58:47,$2.00,1,$2.00
10182,"""ICE CREAM"" Vanilla Bean",2018-01-04 23:58:47,$1.50,1,$1.50
10182,"""SORBET"" Blood Orange",2018-01-04 23:58:47,$2.50,2,$5.00
10182,,2018-01-04 23:58:47,$2.50,3,$7.50
10183,"""BEVERAGE"" Tea",2018-01-05 00:45:57,$4.00,3,$12.00
10183,"""BEVERAGE"" Iced Coffee",2018-01-05 00:45:57,$2.50,2,$5.00
10183,"""SORBET"" Blood Orange",2018-01-05 00:45:57,$2.50,1,$2.50
10183,"""MISC"" Ice Cream Cake",2018-01-05 00:45:57,$2.00,2,$4.00
10184,"""MISC"" Ice Cream Cake",2018-01-05 01:09:32,$2.00,2,$4.00
10184,"""ICE CREAM"" Candied Bacon",2018-01-05 01:09:32,$0.50,2,$1.00
10184,,2018-01-05 01:09:32,$1.50,3,$4.50
10185,"""CONE"" Dipped Waffle Cone",2018-01-05 01:14:12,$3.50,2,$7.00
10186,,2018-01-05 01:26:32,$2.00,1,$2.00
10187,"""BEVERAGE"" Espresso",2018-01-05 01:57:36,$2.50,1,$2.50
10187,"""ICE CREAM"" Rocky Road",2018-01-05 01:57:36,$3.50,2,$7.00
10187,"""ICE CREAM"" Vanilla Bean",2018-01-05 01:57:36,$1.50,2,$3.00
10187,"""SORBET"" Lychee",2018-01-05 01:57:36,$3.00,1,$3.00
10188,"""ICE CREAM"" Earl Gray",2018-01-05 02:29:47,$0.50,3,$1.50
10188,"""CONE"" Dipped Waffle Cone",2018-01-05 02:29:47,$3.50,3,$10.50
10188,"""MISC"" Ice Cream Cake",2018-01-05 02:29:47,$2.00,1,$2.00
10189,"""CONE"" Dipped Waffle Cone",2018-01-05 03:03:48,$3.50,3,$10.50
10189,"""ICE CREAM"" Mint Chip",2018-01-05 03:03:48,$1.50,3,$4.50
10189,"""ICE CREAM"" Earl Gray",2018-01-05 03:03:48,$0.50,1,$0.50
10189,"""ICE CREAM"" Wildberry",2018-01-05 03:03:48,$1.50,2,$3.00
10190,"""CONE"" Sugar Cone",2018-01-05 03:29:28,$1.00,1,$1.00
10191,"""ICE CREAM"" Mint Chip",2018-01-05 04:13:14,$1.50,1,$1.50
10191,,2018-01-05 04:13:14,$3.50,3,$10.50
10192,"""ICE CREAM"" Maple Brown Sugar",2018-01-05 05:06:11,$2.00,3,$6.00
10192,"""ICE CREAM"" Matcha",2018-01-05 05:06:11,$1.50,3,$4.50
10193,"""CONE"" Sugar Cone",2018-01-05 05:42:08,$1.00,2,$2.00
10194,"""CONE"" Sugar Cone",2018-01-05 05:49:53,$1.00,1,$1.00
10194,"""ICE CREAM"" Wildberry",2018-01-05 05:49:53,$1.50,3,$4.50
10194,"""ICE CREAM"" Dulce De Leche",2018-01-05 05:49:53,$1.50,3,$4.50
10194,"""SORBET"" Lemon",2018-01-05 05:49:53,$2.50,2,$5.00
10195,"""SORBET"" Blood Orange",2018-01-05 06:12:40,$2.50,1,$2.50
10196,"""ICE CREAM"" Peanut Fudge",2018-01-05 06:45:41,$3.50,1,$3.50
10196,"""CONE"" Sugar Cone",2018-01-05 06:45:41,$1.00,3,$3.00
10197,"""ICE CREAM"" Dulce De Leche",2018-01-05 06:49:27,$1.50,1,$1.50
10197,"""ICE CREAM"" Maple Brown Sugar",2018-01-05 06:49:27,$2.00,1,$2.00
10197,"""SORBET"" Watermelon",2018-01-05 06:49:27,$2.50,1,$2.50
10197,"""CONE"" Brownie Cone",2018-01-05 06:49:27,$3.00,1,$3.00
10198,,2018-01-05 07:33:08,$4.00,2,$8.00
10198,"""SORBET"" Lychee",2018-01-05 07:33:08,$3.00,1,$3.00
10198,,2018-01-05 07:33:08,$3.00,2,$6.00
10199,,2018-01-05 08:28:28,$2.50,2,$5.00
10199,"""SORBET"" Lemon",2018-01-05 08:28:28,$2.50,3,$7.50
10199,"""ICE CREAM"" Mint Chip",2018-01-05 08:28:28,$1.50,1,$1.50
10199,"""MISC"" Ice Cream Cake",2018-01-05 08:28:28,$2.00,2,$4.00
10199,"""SORBET"" Watermelon",2018-01-05 08:28:28,$2.50,3,$7.50
10200,"""ICE CREAM"" Vanilla Bean",2018-01-05 08:52:57,$1.50,1,$1.50
10200,"""ICE CREAM"" Vanilla Bean",2018-01-05 08:52:57,$1.50,3,$4.50
10200,"""CONE"" Cookie Cone",2018-01-05 08:52:57,$4.00,1,$4.00
10200,"""SORBET"" Watermelon",2018-01-05 08:52:57,$2.50,3,$7.50
10200,"""CONE"" Cookie Cone",2018-01-05 08:52:57,$4.00,3,$12.00
10201,"""ICE CREAM"" Wildberry",2018-01-05 08:57:05,$1.50,3,$4.50
10201,"""ICE CREAM"" Peanut Fudge",2018-01-05 08:57:05,$3.50,1,$3.50
10202,"""MISC"" Ice Cream Cake",2018-01-05 08:58:03,$2.00,3,$6.00
10203,"""ICE CREAM"" Mint Chip",2018-01-05 09:55:02,$1.50,1,$1.50
10203,"""SORBET"" Watermelon",2018-01-05 09:55:02,$2.50,2,$5.00
10204,,2018-01-05 10:07:10,$1.50,1,$1.50
10204,"""ICE CREAM"" Peanut Fudge",2018-01-05 10:07:10,$3.50,3,$10.50
10204,"""CONE"" Waffle Cone",2018-01-05 10:07:10,$4.00,3,$12.00
10204,"""ICE CREAM"" Earl Gray",2018-01-05 10:07:10,$0.50,2,$1.00
10205,"""BEVERAGE"" Iced Coffee",2018-01-05 10:21:02,$2.50,3,$7.50
10205,"""ICE CREAM"" Maple Brown Sugar",2018-01-05 10:21:02,$2.00,1,$2.00
10205,"""ICE CREAM"" Dulce De Leche",2018-01-05 10:21:02,$1.50,3,$4.50
10206,"""ICE CREAM"" Double Fudge Chunk",2018-01-05 11:07:28,$3.50,1,$3.50
10206,"""CONE"" Cookie Cone",2018-01-05 11:07:28,$4.00,3,$12.00
10206,"""BEVERAGE"" Tea",2018-01-05 11:07:28,$4.00,3,$12.00
10206,"""ICE CREAM"" Strawberry",2018-01-05 11:07:28,$3.50,2,$7.00
10207,"""ICE CREAM"" Mint Chip",2018-01-05 11:29:44,$1.50,1,$1.50
10208,"""SORBET"" Blood Orange",2018-01-05 12:09:11,$2.50,1,$2.50
10209,"""ICE CREAM"" Mint Chip",2018-01-05 13:01:36,$1.50,2,$3.00
10209,"""SORBET"" Watermelon",2018-01-05 13:01:36,$2.50,1,$2.50
10209,"""BEVERAGE"" Espresso",2018-01-05 13:01:36,$2.50,3,$7.50
10210,"""CONE"" Dipped Waffle Cone",2018-01-05 13:08:05,$3.50,3,$10.50
10210,"""SORBET"" Lychee",2018-01-05 13:08:05,$3.00,2,$6.00
10210,"""ICE CREAM"" Double Fudge Chunk",2018-01-05 13:08:05,$3.50,3,$10.50
10211,"""MISC"" Ice Cream Cake",2018-01-05 13:37:47,$2.00,1,$2.00
10211,"""CONE"" Sugar Cone",2018-01-05 13:37:47,$1.00,2,$2.00
10211,"""ICE CREAM"" Candied Bacon",2018-01-05 13:37:47,$0.50,2,$1.00
10211,"""CONE"" Brownie Cone",2018-01-05 13:37:47,$3.00,1,$3.00
10212,"""ICE CREAM"" Dulce De Leche",2018-01-05 14:23:27,$1.50,1,$1.50
10212,"""BEVERAGE"" Tea",2018-01-05 14:23:27,$4.00,1,$4.00
10212,"""CONE"" Brownie Cone",2018-01-05 14:23:27,$3.00,3,$9.00
10212,"""ICE CREAM"" Wildberry",2018-01-05 14:23:27,$1.50,2,$3.00
10213,"""ICE CREAM"" Candied Bacon",2018-01-05 14:29:28,$0.50,2,$1.00
10213,"""CONE"" Dipped Waffle Cone",2018-01-05 14:29:28,$3.50,3,$10.50
10213,"""BEVERAGE"" Espresso",2018-01-05 14:29:28,$2.50,2,$5.00
10213,"""ICE CREAM"" Wildberry",2018-01-05 14:29:28,$1.50,2,$3.00
10214,"""SORBET"" Lemon",2018-01-05 14:57:54,$2.50,3,$7.50
10214,"""ICE CREAM"" Mint Chip",2018-01-05 14:57:54,$1.50,3,$4.50
10215,"""BEVERAGE"" Iced Coffee",2018-01-05 15:25:18,$2.50,1,$2.50
10216,"""ICE CREAM"" Dulce De Leche",2018-01-05 15:56:53,$1.50,2,$3.00
10217,"""SORBET"" Lemon",2018-01-05 16:22:13,$2.50,3,$7.50
10217,"""SORBET"" Watermelon",2018-01-05 16:22:13,$2.50,3,$7.50
10217,,2018-01-05 16:22:13,$2.50,3,$7.50
10218,"""ICE CREAM"" Maple Brown Sugar",2018-01-05 16:47:58,$2.00,1,$2.00
10219,"""ICE CREAM"" Strawberry",2018-01-05 17:24:20,$3.50,2,$7.00
10220,"""ICE CREAM"" Dulce De Leche",2018-01-05 18:20:54,$1.50,1,$1.50
10220,"""SORBET"" Lemon",2018-01-05 18:20:54,$2.50,3,$7.50
10220,"""SORBET"" Raspberry",2018-01-05 18:20:54,$2.50,2,$5.00
10220,"""BEVERAGE"" Espresso",2018-01-05 18:20:54,$2.50,1,$2.50
10220,"""ICE CREAM"" Rocky Road",2018-01-05 18:20:54,$3.50,1,$3.50
10221,"""ICE CREAM"" Candied Bacon",2018-01-05 18:23:59,$0.50,1,$0.50
10222,,2018-01-05 18:54:07,$3.50,1,$3.50
10222,"""SORBET"" Blood Orange",2018-01-05 18:54:07,$2.50,1,$2.50
10222,"""ICE CREAM"" Dulce De Leche",2018-01-05 18:54:07,$1.50,2,$3.00
10222,"""BEVERAGE"" Espresso",2018-01-05 18:54:07,$2.50,3,$7.50
10223,"""ICE CREAM"" Strawberry",2018-01-05 19:15:57,$3.50,2,$7.00
10223,"""ICE CREAM"" Mint Chip",2018-01-05 19:15:57,$1.50,1,$1.50
10223,"""SORBET"" Blood Orange",2018-01-05 19:15:57,$2.50,3,$7.50
10224,"""ICE CREAM"" Wildberry",2018-01-05 20:02:51,$1.50,2,$3.00
10224,"""ICE CREAM"" Matcha",2018-01-05 20:02:51,$1.50,2,$3.00
10224,"""SORBET"" Lemon",2018-01-05 20:02:51,$2.50,2,$5.00
10225,"""ICE CREAM"" Maple Brown Sugar",2018-01-05 20:32:18,$2.00,2,$4.00
10226,"""ICE CREAM"" Dark Chocolate",2018-01-05 20:38:11,$4.00,1,$4.00
10227,"""CONE"" Brownie Cone",2018-01-05 20:46:26,$3.00,3,$9.00
10227,"""SORBET"" Lemon",2018-01-05 20:46:26,$2.50,2,$5.00
10228,"""BEVERAGE"" Iced Coffee",2018-01-05 21:30:42,$2.50,1,$2.50
10228,"""ICE CREAM"" Mint Chip",2018-01-05 21:30:42,$1.50,3,$4.50
10228,,2018-01-05 21:30:42,$2.50,3,$7.50
10228,"""ICE CREAM"" Vanilla Bean",2018-01-05 21:30:42,$1.50,2,$3.00
10229,"""ICE CREAM"" Maple Brown Sugar",2018-01-05 22:27:20,$2.00,2,$4.00
10229,"""MISC"" Ice Cream Cake",2018-01-05 22:27:20,$2.00,3,$6.00
10230,"""CONE"" Dipped Waffle Cone",2018-01-05 23:22:15,$3.50,3,$10.50
10230,"""ICE CREAM"" Dark Chocolate",2018-01-05 23:22:15,$4.00,3,$12.00
10230,"""SORBET"" Lemon",2018-01-05 23:22:15,$2.50,1,$2.50
10230,"""CONE"" Waffle Cone",2018-01-05 23:22:15,$4.00,1,$4.00
10231,"""SORBET"" Raspberry",2018-01-05 23:23:42,$2.50,1,$2.50
10231,"""SORBET"" Lemon",2018-01-05 23:23:42,$2.50,1,$2.50
10232,"""ICE CREAM"" Dark Chocolate",2018-01-06 00:21:35,$4.00,1,$4.00
10232,"""CONE"" Brownie Cone",2018-01-06 00:21:35,$3.00,3,$9.00
10232,"""ICE CREAM"" Mint Chip",2018-01-06 00:21:35,$1.50,3,$4.50
10233,"""ICE CREAM"" Double Fudge Chunk",2018-01-06 00:29:35,$3.50,3,$10.50
10233,"""BEVERAGE"" Iced Coffee",2018-01-06 00:29:35,$2.50,1,$2.50
10233,,2018-01-06 00:29:35,$1.50,1,$1.50
10234,,2018-01-06 00:37:07,$2.50,2,$5.00
10234,"""SORBET"" Lemon",2018-01-06 00:37:07,$2.50,3,$7.50
10235,"""ICE CREAM"" Rocky Road",2018-01-06 01:02:14,$3.50,2,$7.00
10235,"""BEVERAGE"" Espresso",2018-01-06 01:02:14,$2.50,2,$5.00
10235,"""SORBET"" Raspberry",2018-01-06 01:02:14,$2.50,3,$7.50
10235,"""ICE CREAM"" Mint Chip",2018-01-06 01:02:14,$1.50,3,$4.50
10236,"""ICE CREAM"" Wildberry",2018-01-06 01:51:29,$1.50,3,$4.50
10236,"""CONE"" Cookie Cone",2018-01-06 01:51:29,$4.00,1,$4.00
10236,"""SORBET"" Lychee",2018-01-06 01:51:29,$3.00,2,$6.00
10236,"""ICE CREAM"" Dulce De Leche",2018-01-06 01:51:29,$1.50,3,$4.50
10236,"""CONE"" Sugar Cone",2018-01-06 01:51:29,$1.00,1,$1.00
10237,"""ICE CREAM"" Maple Brown Sugar",2018-01-06 02:00:18,$2.00,3,$6.00
10237,"""BEVERAGE"" Espresso",2018-01-06 02:00:18,$2.50,1,$2.50
10237,"""BEVERAGE"" Tea",2018-01-06 02:00:18,$4.00,3,$12.00
10237,"""ICE CREAM"" Rocky Road",2018-01-06 02:00:18,$3.50,3,$10.50
10238,"""BEVERAGE"" Iced Coffee",2018-01-06 02:14:05,$2.50,3,$7.50
10238,"""ICE CREAM"" Peanut Fudge",2018-01-06 02:14:05,$3.50,1,$3.50
10239,"""ICE CREAM"" Wildberry",2018-01-06 02:49:26,$1.50,1,$1.50
10239,"""ICE CREAM"" Maple Brown Sugar",2018-01-06 02:49:26,$2.00,3,$6.00
10239,"""SORBET"" Lemon",2018-01-06 02:49:26,$2.50,3,$7.50
10239,"""BEVERAGE"" Tea",2018-01-06 02:49:26,$4.00,2,$8.00
10239,"""CONE"" Brownie Cone",2018-01-06 02:49:26,$3.00,1,$3.00
10240,"""ICE CREAM"" Peanut Fudge",2018-01-06 03:38:42,$3.50,3,$10.50
10240,"""ICE CREAM"" Vanilla Bean",2018-01-06 03:38:42,$1.50,3,$4.50
10240,"""ICE CREAM"" Dulce De Leche",2018-01-06 03:38:42,$1.50,1,$1.50
10240,"""BEVERAGE"" Espresso",2018-01-06 03:38:42,$2.50,2,$5.00
10241,"""CONE"" Cookie Cone",2018-01-06 03:54:14,$4.00,3,$12.00
10241,"""SORBET"" Lychee",2018-01-06 03:54:14,$3.00,1,$3.00
10241,"""CONE"" Waffle Cone",2018-01-06 03:54:14,$4.00,3,$12.00
10241,,2018-01-06 03:54:14,$3.00,3,$9.00
10242,"""ICE CREAM"" Rocky Road",2018-01-06 04:02:22,$3.50,2,$7.00
10242,"""BEVERAGE"" Espresso",2018-01-06 04:02:22,$2.50,1,$2.50
10242,"""BEVERAGE"" Espresso",2018-01-06 04:02:22,$2.50,3,$7.50
10242,"""CONE"" Sugar Cone",2018-01-06 04:02:22,$1.00,3,$3.00
10242,"""SORBET"" Blood Orange",2018-01-06 04:02:22,$2.50,2,$5.00
10243,"""ICE CREAM"" Vanilla Bean",2018-01-06 04:59:16,$1.50,1,$1.50
10243,"""ICE CREAM"" Rocky Road",2018-01-06 04:59:16,$3.50,1,$3.50
10243,"""ICE CREAM"" Maple Brown Sugar",2018-01-06 04:59:16,$2.00,3,$6.00
10243,"""CONE"" Dipped Waffle Cone",2018-01-06 04:59:16,$3.50,1,$3.50
10243,"""SORBET"" Watermelon",2018-01-06 04:59:16,$2.50,1,$2.50
10244,"""SORBET"" Raspberry",2018-01-06 05:20:33,$2.50,1,$2.50
10244,"""SORBET"" Lemon",2018-01-06 05:20:33,$2.50,3,$7.50
10244,"""ICE CREAM"" Mint Chip",2018-01-06 05:20:33,$1.50,1,$1.50
10244,"""ICE CREAM"" Maple Brown Sugar",2018-01-06 05:20:33,$2.00,2,$4.00
10244,"""MISC"" Ice Cream Cake",2018-01-06 05:20:33,$2.00,1,$2.00
10245,"""ICE CREAM"" Mint Chip",2018-01-06 05:41:22,$1.50,1,$1.50
10246,"""SORBET"" Lemon",2018-01-06 05:45:33,$2.50,3,$7.50
10247,"""ICE CREAM"" Strawberry",2018-01-06 06:12:08,$3.50,2,$7.00
10247,"""ICE CREAM"" Dulce De Leche",2018-01-06 06:12:08,$1.50,2,$3.00
10247,"""ICE CREAM"" Candied Bacon",2018-01-06 06:12:08,$0.50,2,$1.00
10247,"""BEVERAGE"" Iced Coffee",2018-01-06 06:12:08,$2.50,1,$2.50
10247,"""ICE CREAM"" Vanilla Bean",2018-01-06 06:12:08,$1.50,3,$4.50
10248,"""SORBET"" Watermelon",2018-01-06 06:40:30,$2.50,3,$7.50
10249,"""ICE CREAM"" Wildberry",2018-01-06 07:20:33,$1.50,1,$1.50
10249,"""CONE"" Sugar Cone",2018-01-06 07:20:33,$1.00,2,$2.00
10249,,2018-01-06 07:20:33,$1.50,3,$4.50
10250,"""ICE CREAM"" Vanilla Bean",2018-01-06 07:57:20,$1.50,1,$1.50
10251,"""SORBET"" Lemon",2018-01-06 08:40:29,$2.50,1,$2.50
10252,"""SORBET"" Blood Orange",2018-01-06 08:58:04,$2.50,1,$2.50
10252,"""BEVERAGE"" Iced Coffee",2018-01-06 08:58:04,$2.50,3,$7.50
10252,"""CONE"" Sugar Cone",2018-01-06 08:58:04,$1.00,3,$3.00
10252,"""BEVERAGE"" Iced Coffee",2018-01-06 08:58:04,$2.50,2,$5.00
10253,"""ICE CREAM"" Vanilla Bean",2018-01-06 09:32:30,$1.50,2,$3.00
10253,"""CONE"" Dipped Waffle Cone",2018-01-06 09:32:30,$3.50,1,$3.50
10253,"""SORBET"" Blood Orange",2018-01-06 09:32:30,$2.50,2,$5.00
10254,"""ICE CREAM"" Maple Brown Sugar",2018-01-06 10:31:18,$2.00,2,$4.00
10254,"""CONE"" Brownie Cone",2018-01-06 10:31:18,$3.00,3,$9.00
10254,"""CONE"" Dipped Waffle Cone",2018-01-06 10:31:18,$3.50,2,$7.00
10254,"""ICE CREAM"" Double Fudge Chunk",2018-01-06 10:31:18,$3.50,1,$3.50
10255,"""ICE CREAM"" Dark Chocolate",2018-01-06 10:38:16,$4.00,1,$4.00
10255,"""SORBET"" Watermelon",2018-01-06 10:38:16,$2.50,3,$7.50
10255,"""CONE"" Brownie Cone",2018-01-06 10:38:16,$3.00,1,$3.00
10255,"""ICE CREAM"" Vanilla Bean",2018-01-06 10:38:16,$1.50,1,$1.50
10255,"""ICE CREAM"" Matcha",2018-01-06 10:38:16,$1.50,3,$4.50
10256,"""ICE CREAM"" Matcha",2018-01-06 11:26:56,$1.50,2,$3.00
10256,,2018-01-06 11:26:56,$0.50,3,$1.50
10256,"""MISC"" Ice Cream Cake",2018-01-06 11:26:56,$2.00,1,$2.00
10256,"""ICE CREAM"" Strawberry",2018-01-06 11:26:56,$3.50,3,$10.50
10257,"""ICE CREAM"" Wildberry",2018-01-06 11:59:46,$1.50,1,$1.50
10257,"""ICE CREAM"" Dark Chocolate",2018-01-06 11:59:46,$4.00,2,$8.00
10257,"""ICE CREAM"" Double Fudge Chunk",2018-01-06 11:59:46,$3.50,1,$3.50
10258,"""ICE CREAM"" Candied Bacon",2018-01-06 12:15:38,$0.50,1,$0.50
10258,"""ICE CREAM"" Candied Bacon",2018-01-06 12:15:38,$0.50,1,$0.50
10258,"""CONE"" Dipped Waffle Cone",2018-01-06 12:15:38,$3.50,2,$7.00
10258,"""SORBET"" Lemon",2018-01-06 12:15:38,$2.50,2,$5.00
10259,,2018-01-06 13:02:53,$3.50,2,$7.00
10259,"""SORBET"" Lemon",2018-01-06 13:02:53,$2.50,3,$7.50
10259,,2018-01-06 13:02:53,$1.00,2,$2.00
10260,"""ICE CREAM"" Wildberry",2018-01-06 13:20:51,$1.50,2,$3.00
10260,"""SORBET"" Lychee",2018-01-06 13:20:51,$3.00,3,$9.00
10260,"""ICE CREAM"" Wildberry",2018-01-06 13:20:51,$1.50,2,$3.00
10260,"""ICE CREAM"" Mint Chip",2018-01-06 13:20:51,$1.50,3,$4.50
10261,"""BEVERAGE"" Espresso",2018-01-06 13:21:27,$2.50,2,$5.00
10262,"""ICE CREAM"" Wildberry",2018-01-06 13:27:51,$-1.50,2,$-3.00
10262,"""BEVERAGE"" Tea",2018-01-06 13:27:51,$4.00,3,$12.00
10262,"""ICE CREAM"" Maple Brown Sugar",2018-01-06 13:27:51,$2.00,1,$2.00
10262,"""BEVERAGE"" Iced Coffee",2018-01-06 13:27:51,$2.50,3,$7.50
10263,"""BEVERAGE"" Espresso",2018-01-06 14:23:38,$2.50,3,$7.50
10263,"""BEVERAGE"" Espresso",2018-01-06 14:23:38,$2.50,1,$2.50
10263,"""SORBET"" Lychee",2018-01-06 14:23:38,$3.00,3,$9.00
10263,"""ICE CREAM"" Rocky Road",2018-01-06 14:23:38,$3.50,1,$3.50
10263,"""SORBET"" Watermelon",2018-01-06 14:23:38,$2.50,2,$5.00
10264,"""SORBET"" Lychee",2018-01-06 14:57:21,$3.00,2,$6.00
10264,"""CONE"" Sugar Cone",2018-01-06 14:57:21,$1.00,2,$2.00
10264,"""ICE CREAM"" Wildberry",2018-01-06 14:57:21,$1.50,3,$4.50
10264,"""CONE"" Dipped Waffle Cone",2018-01-06 14:57:21,$3.50,1,$3.50
10265,"""CONE"" Cookie Cone",2018-01-06 15:00:51,$4.00,1,$4.00
10265,"""ICE CREAM"" Vanilla Bean",2018-01-06 15:00:51,$1.50,3,$4.50
10265,"""CONE"" Brownie Cone",2018-01-06 15:00:51,$-3.00,3,$-9.00
10265,,2018-01-06 15:00:51,$1.00,1,$1.00
10266,"""CONE"" Sugar Cone",2018-01-06 15:20:31,$1.00,3,$3.00
10266,"""ICE CREAM"" Dulce De Leche",2018-01-06 15:20:31,$1.50,3,$4.50
10266,,2018-01-06 15:20:31,$2.50,3,$7.50
10266,"""CONE"" Sugar Cone",2018-01-06 15:20:31,$1.00,1,$1.00
10267,"""ICE CREAM"" Candied Bacon",2018-01-06 15:28:14,$0.50,1,$0.50
10268,"""ICE CREAM"" Maple Brown Sugar",2018-01-06 15:45:55,$2.00,3,$6.00
10268,"""ICE CREAM"" Earl Gray",2018-01-06 15:45:55,$0.50,2,$1.00
10268,"""CONE"" Waffle Cone",2018-01-06 15:45:55,$4.00,2,$8.00
10268,"""SORBET"" Lychee",2018-01-06 15:45:55,$3.00,1,$3.00
10268,"""CONE"" Dipped Waffle Cone",2018-01-06 15:45:55,$3.50,3,$10.50
10269,"""ICE CREAM"" Peanut Fudge",2018-01-06 16:03:16,$3.50,2,$7.00
10269,"""SORBET"" Lemon",2018-01-06 16:03:16,$2.50,2,$5.00
10269,"""ICE CREAM"" Rocky Road",2018-01-06 16:03:16,$3.50,1,$3.50
10269,"""ICE CREAM"" Double Fudge Chunk",2018-01-06 16:03:16,$3.50,2,$7.00
10270,"""CONE"" Waffle Cone",2018-01-06 16:44:33,$4.00,3,$12.00
10271,"""CONE"" Sugar Cone",2018-01-06 16:46:11,$1.00,1,$1.00
10271,"""MISC"" Ice Cream Cake",2018-01-06 16:46:11,$2.00,3,$6.00
10271,"""ICE CREAM"" Mint Chip",2018-01-06 16:46:11,$1.50,1,$1.50
10271,"""MISC"" Ice Cream Cake",2018-01-06 16:46:11,$2.00,3,$6.00
10272,"""ICE CREAM"" Wildberry",2018-01-06 17:16:23,$1.50,3,$4.50
10272,"""ICE CREAM"" Maple Brown Sugar",2018-01-06 17:16:23,$2.00,1,$2.00
10272,"""ICE CREAM"" Matcha",2018-01-06 17:16:23,$1.50,2,$3.00
10273,"""ICE CREAM"" Earl Gray",2018-01-06 17:16:45,$0.50,2,$1.00
10273,"""ICE CREAM"" Dulce De Leche",2018-01-06 17:16:45,$1.50,2,$3.00
10273,"""ICE CREAM"" Matcha",2018-01-06 17:16:45,$1.50,1,$1.50
10273,"""BEVERAGE"" Espresso",2018-01-06 17:16:45,$2.50,3,$7.50
10274,"""SORBET"" Lemon",2018-01-06 17:51:43,$2.50,3,$7.50
10274,"""ICE CREAM"" Strawberry",2018-01-06 17:51:43,$3.50,2,$7.00
10274,"""ICE CREAM"" Candied Bacon",2018-01-06 17:51:43,$0.50,2,$1.00
10274,"""ICE CREAM"" Rocky Road",2018-01-06 17:51:43,$3.50,2,$7.00
10274,"""ICE CREAM"" Peanut Fudge",2018-01-06 17:51:43,$3.50,1,$3.50
10275,"""BEVERAGE"" Iced Coffee",2018-01-06 18:11:06,$2.50,2,$5.00
10275,"""SORBET"" Watermelon",2018-01-06 18:11:06,$2.50,2,$5.00
10275,"""ICE CREAM"" Peanut Fudge",2018-01-06 18:11:06,$3.50,1,$3.50
10276,"""ICE CREAM"" Double Fudge Chunk",2018-01-06 18:25:41,$3.50,1,$3.50
10276,"""ICE CREAM"" Matcha",2018-01-06 18:25:41,$1.50,1,$1.50
10276,"""ICE CREAM"" Strawberry",2018-01-06 18:25:41,$3.50,1,$3.50
10276,"""SORBET"" Blood Orange",2018-01-06 18:25:41,$2.50,1,$2.50
10276,"""ICE CREAM"" Mint Chip",2018-01-06 18:25:41,$1.50,1,$1.50
10277,"""ICE CREAM"" Vanilla Bean",2018-01-06 19:02:49,$1.50,1,$1.50
10278,"""ICE CREAM"" Strawberry",2018-01-06 19:09:17,$3.50,2,$7.00
10279,"""SORBET"" Watermelon",2018-01-06 19:27:24,$2.50,1,$2.50
10279,"""SORBET"" Blood Orange",2018-01-06 19:27:24,$2.50,3,$7.50
10279,"""SORBET"" Blood Orange",2018-01-06 19:27:24,$2.50,1,$2.50
10279,"""ICE CREAM"" Candied Bacon",2018-01-06 19:27:24,$0.50,1,$0.50
10280,"""SORBET"" Lemon",2018-01-06 20:11:03,$2.50,3,$7.50
10280,"""ICE CREAM"" Double Fudge Chunk",2018-01-06 20:11:03,$3.50,1,$3.50
10280,"""ICE CREAM"" Wildberry",2018-01-06 20:11:03,$1.50,3,$4.50
10280,"""ICE CREAM"" Dulce De Leche",2018-01-06 20:11:03,$1.50,2,$3.00
10281,"""ICE CREAM"" Double Fudge Chunk",2018-01-06 20:25:55,$3.50,3,$10.50
10281,"""ICE CREAM"" Vanilla Bean",2018-01-06 20:25:55,$1.50,2,$3.00
10281,"""ICE CREAM"" Vanilla Bean",2018-01-06 20:25:55,$1.50,3,$4.50
10281,"""SORBET"" Lychee",2018-01-06 20:25:55,$3.00,3,$9.00
10282,"""CONE"" Cookie Cone",2018-01-06 20:40:50,$4.00,2,$8.00
10282,,2018-01-06 20:40:50,$3.50,2,$7.00
10283,"""SORBET"" Lemon",2018-01-06 20:55:43,$2.50,2,$5.00
10284,"""SORBET"" Watermelon",2018-01-06 21:14:27,$2.50,2,$5.00
10285,"""SORBET"" Watermelon",2018-01-06 21:45:25,$2.50,1,$2.50
10285,"""ICE CREAM"" Double Fudge Chunk",2018-01-06 21:45:25,$3.50,1,$3.50
10286,"""CONE"" Waffle Cone",2018-01-06 22:07:46,$4.00,3,$12.00
10286,"""SORBET"" Blood Orange",2018-01-06 22:07:46,$2.50,1,$2.50
10287,"""ICE CREAM"" Maple Brown Sugar",2018-01-06 22:29:38,$2.00,1,$2.00
10288,"""ICE CREAM"" Rocky Road",2018-01-06 23:25:14,$3.50,1,$3.50
10288,,2018-01-06 23:25:14,$1.50,1,$1.50
10288,"""CONE"" Cookie Cone",2018-01-06 23:25:14,$4.00,3,$12.00
10289,"""ICE CREAM"" Peanut Fudge",2018-01-07 00:11:13,$3.50,2,$7.00
10289,"""SORBET"" Lychee",2018-01-07 00:11:13,$3.00,2,$6.00
10289,"""ICE CREAM"" Rocky Road",2018-01-07 00:11:13,$3.50,1,$3.50
10289,"""CONE"" Cookie Cone",2018-01-07 00:11:13,$4.00,1,$4.00
10290,"""SORBET"" Lychee",2018-01-07 00:35:26,$3.00,1,$3.00
10290,,2018-01-07 00:35:26,$1.50,3,$4.50
10290,,2018-01-07 00:35:26,$3.50,1,$3.50
10290,"""ICE CREAM"" Strawberry",2018-01-07 00:35:26,$3.50,3,$10.50
10290,"""SORBET"" Lemon",2018-01-07 00:35:26,$2.50,3,$7.50
10291,"""ICE CREAM"" Maple Brown Sugar",2018-01-07 01:21:54,$2.00,3,$6.00
10292,"""CONE"" Waffle Cone",2018-01-07 02:16:44,$4.00,2,$8.00
10292,"""SORBET"" Blood Orange",2018-01-07 02:16:44,$2.50,2,$5.00
10293,"""SORBET"" Lemon",2018-01-07 02:47:55,$2.50,2,$5.00
10293,"""BEVERAGE"" Iced Coffee",2018-01-07 02:47:55,$2.50,3,$7.50
10294,"""ICE CREAM"" Maple Brown Sugar",2018-01-07 03:47:41,$2.00,3,$6.00
10294,"""CONE"" Dipped Waffle Cone",2018-01-07 03:47:41,$3.50,3,$10.50
10294,"""SORBET"" Blood Orange",2018-01-07 03:47:41,$2.50,2,$5.00
10294,"""ICE CREAM"" Vanilla Bean",2018-01-07 03:47:41,$1.50,1,$1.50
10294,"""ICE CREAM"" Maple Brown Sugar",2018-01-07 03:47:41,$2.00,3,$6.00
10295,"""ICE CREAM"" Earl Gray",2018-01-07 04:37:23,$0.50,3,$1.50
10296,"""SORBET"" Raspberry",2018-01-07 05:07:09,$2.50,2,$5.00
10296,"""CONE"" Dipped Waffle Cone",2018-01-07 05:07:09,$3.50,1,$3.50
10297,,2018-01-07 05:17:46,$2.00,3,$6.00
10297,"""CONE"" Dipped Waffle Cone",2018-01-07 05:17:46,$3.50,3,$10.50
10297,"""BEVERAGE"" Espresso",2018-01-07 05:17:46,$2.50,2,$5.00
10298,"""ICE CREAM"" Wildberry",2018-01-07 05:49:11,$1.50,3,$4.50
10298,"""BEVERAGE"" Espresso",2018-01-07 05:49:11,$2.50,1,$2.50
10298,"""SORBET"" Lychee",2018-01-07 05:49:11,$3.00,3,$9.00
10298,"""ICE CREAM"" Wildberry",2018-01-07 05:49:11,$1.50,3,$4.50
10299,"""ICE CREAM"" Mint Chip",2018-01-07 06:16:48,$1.50,1,$1.50
10299,"""BEVERAGE"" Iced Coffee",2018-01-07 06:16:48,$2.50,1,$2.50
10299,"""ICE CREAM"" Maple Brown Sugar",2018-01-07 06:16:48,$2.00,3,$6.00
10300,"""CONE"" Sugar Cone",2018-01-07 07:09:03,$1.00,3,$3.00
10300,"""ICE CREAM"" Dark Chocolate",2018-01-07 07:09:03,$4.00,3,$12.00
10300,"""ICE CREAM"" Vanilla Bean",2018-01-07 07:09:03,$1.50,2,$3.00
10301,"""ICE CREAM"" Wildberry",2018-01-07 07:10:45,$1.50,1,$1.50
10301,"""BEVERAGE"" Tea",2018-01-07 07:10:45,$4.00,2,$8.00
10301,"""ICE CREAM"" Double Fudge Chunk",2018-01-07 07:10:45,$3.50,1,$3.50
10301,"""SORBET"" Lychee",2018-01-07 07:10:45,$3.00,2,$6.00
10301,"""ICE CREAM"" Mint Chip",2018-01-07 07:10:45,$1.50,3,$4.50
10302,,2018-01-07 08:00:00,$3.00,3,$9.00
10302,"""SORBET"" Blood Orange",2018-01-07 08:00:00,$2.50,2,$5.00
10303,"""ICE CREAM"" Rocky Road",2018-01-07 08:13:30,$3.50,2,$7.00
10303,"""ICE CREAM"" Vanilla Bean",2018-01-07 08:13:30,$1.50,1,$1.50
10303,"""ICE CREAM"" Dark Chocolate",2018-01-07 08:13:30,$4.00,1,$4.00
10303,"""SORBET"" Watermelon",2018-01-07 08:13:30,$2.50,2,$5.00
10303,"""ICE CREAM"" Dulce De Leche",2018-01-07 08:13:30,$1.50,3,$4.50
10304,"""ICE CREAM"" Candied Bacon",2018-01-07 08:21:51,$0.50,2,$1.00
10304,"""ICE CREAM"" Vanilla Bean",2018-01-07 08:21:51,$1.50,3,$4.50
10304,"""ICE CREAM"" Mint Chip",2018-01-07 08:21:51,$1.50,2,$3.00
10304,"""ICE CREAM"" Maple Brown Sugar",2018-01-07 08:21:51,$2.00,1,$2.00
10304,"""SORBET"" Lychee",2018-01-07 08:21:51,$3.00,1,$3.00
10305,"""CONE"" Sugar Cone",2018-01-07 09:21:15,$1.00,2,$2.00
10305,"""ICE CREAM"" Vanilla Bean",2018-01-07 09:21:15,$1.50,1,$1.50
10305,"""SORBET"" Blood Orange",2018-01-07 09:21:15,$2.50,1,$2.50
10306,"""ICE CREAM"" Dark Chocolate",2018-01-07 09:38:33,$4.00,2,$8.00
10306,"""MISC"" Ice Cream Cake",2018-01-07 09:38:33,$2.00,2,$4.00
10306,"""CONE"" Sugar Cone",2018-01-07 09:38:33,$1.00,3,$3.00
10307,"""CONE"" Sugar Cone",2018-01-07 10:19:48,$1.00,2,$2.00
10308,"""ICE CREAM"" Earl Gray",2018-01-07 10:47:11,$0.50,3,$1.50
10308,"""ICE CREAM"" Double Fudge Chunk",2018-01-07 10:47:11,$3.50,1,$3.50
10308,"""ICE CREAM"" Strawberry",2018-01-07 10:47:11,$3.50,2,$7.00
10308,"""SORBET"" Lemon",2018-01-07 10:47:11,$2.50,1,$2.50
10308,"""ICE CREAM"" Double Fudge Chunk",2018-01-07 10:47:11,$3.50,1,$3.50
10309,"""ICE CREAM"" Matcha",2018-01-07 10:52:28,$1.50,3,$4.50
10309,"""ICE CREAM"" Dark Chocolate",2018-01-07 10:52:28,$4.00,1,$4.00
10310,"""ICE CREAM"" Peanut Fudge",2018-01-07 11:18:48,$3.50,3,$10.50
10311,"""CONE"" Dipped Waffle Cone",2018-01-07 11:45:11,$3.50,2,$7.00
10312,"""SORBET"" Watermelon",2018-01-07 12:13:08,$2.50,1,$2.50
10312,"""ICE CREAM"" Rocky Road",2018-01-07 12:13:08,$3.50,1,$3.50
10312,"""CONE"" Cookie Cone",2018-01-07 12:13:08,$4.00,2,$8.00
10312,"""MISC"" Ice Cream Cake",2018-01-07 12:13:08,$2.00,1,$2.00
10313,"""ICE CREAM"" Maple Brown Sugar",2018-01-07 12:54:05,$2.00,2,$4.00
10314,"""SORBET"" Lychee",2018-01-07 13:28:26,$3.00,1,$3.00
10314,"""CONE"" Sugar Cone",2018-01-07 13:28:26,$1.00,3,$3.00
10314,"""MISC"" Ice Cream Cake",2018-01-07 13:28:26,$2.00,3,$6.00
10314,"""ICE CREAM"" Wildberry",2018-01-07 13:28:26,$1.50,1,$1.50
10314,"""SORBET"" Blood Orange",2018-01-07 13:28:26,$2.50,2,$5.00
10315,,2018-01-07 13:48:10,$4.00,2,$8.00
10315,,2018-01-07 13:48:10,$3.00,2,$6.00
10315,"""ICE CREAM"" Wildberry",2018-01-07 13:48:10,$1.50,1,$1.50
10316,"""CONE"" Sugar Cone",2018-01-07 13:48:19,$1.00,3,$3.00
10316,"""CONE"" Cookie Cone",2018-01-07 13:48:19,$4.00,3,$12.00
10316,"""CONE"" Sugar Cone",2018-01-07 13:48:19,$1.00,3,$3.00
10316,"""BEVERAGE"" Iced Coffee",2018-01-07 13:48:19,$2.50,2,$5.00
10317,"""BEVERAGE"" Tea",2018-01-07 14:12:12,$4.00,3,$12.00
10318,"""ICE CREAM"" Dulce De Leche",2018-01-07 14:47:28,$1.50,2,$3.00
10318,"""CONE"" Sugar Cone",2018-01-07 14:47:28,$1.00,3,$3.00
10318,"""BEVERAGE"" Tea",2018-01-07 14:47:28,$4.00,3,$12.00
10318,"""SORBET"" Lychee",2018-01-07 14:47:28,$3.00,3,$9.00
10319,"""ICE CREAM"" Double Fudge Chunk",2018-01-07 15:27:18,$3.50,3,$10.50
10320,"""SORBET"" Lemon",2018-01-07 16:02:29,$2.50,2,$5.00
10321,"""ICE CREAM"" Vanilla Bean",2018-01-07 16:38:07,$1.50,1,$1.50
10321,"""ICE CREAM"" Candied Bacon",2018-01-07 16:38:07,$0.50,2,$1.00
10321,"""ICE CREAM"" Matcha",2018-01-07 16:38:07,$1.50,3,$4.50
10322,"""ICE CREAM"" Maple Brown Sugar",2018-01-07 16:53:03,$2.00,1,$2.00
10322,"""ICE CREAM"" Dark Chocolate",2018-01-07 16:53:03,$4.00,3,$12.00
10323,"""CONE"" Cookie Cone",2018-01-07 17:11:57,$4.00,1,$4.00
10323,"""ICE CREAM"" Matcha",2018-01-07 17:11:57,$1.50,2,$3.00
10323,"""ICE CREAM"" Rocky Road",2018-01-07 17:11:57,$3.50,1,$3.50
10323,"""ICE CREAM"" Vanilla Bean",2018-01-07 17:11:57,$1.50,2,$3.00
10324,,2018-01-07 17:21:11,$3.50,1,$3.50
10324,"""SORBET"" Lemon",2018-01-07 17:21:11,$2.50,2,$5.00
10324,"""BEVERAGE"" Iced Coffee",2018-01-07 17:21:11,$2.50,1,$2.50
10324,"""BEVERAGE"" Iced Coffee",2018-01-07 17:21:11,$2.50,3,$7.50
10324,"""ICE CREAM"" Matcha",2018-01-07 17:21:11,$1.50,3,$4.50
10325,"""ICE CREAM"" Dark Chocolate",2018-01-07 17:52:31,$4.00,1,$4.00
10326,"""ICE CREAM"" Vanilla Bean",2018-01-07 17:57:36,$1.50,1,$1.50
10326,"""ICE CREAM"" Maple Brown Sugar",2018-01-07 17:57:36,$2.00,2,$4.00
10326,"""CONE"" Sugar Cone",2018-01-07 17:57:36,$1.00,3,$3.00
10327,"""ICE CREAM"" Double Fudge Chunk",2018-01-07 18:05:09,$3.50,2,$7.00
10327,"""ICE CREAM"" Peanut Fudge",2018-01-07 18:05:09,$3.50,2,$7.00
10328,"""SORBET"" Lemon",2018-01-07 18:16:31,$2.50,2,$5.00
10328,"""BEVERAGE"" Tea",2018-01-07 18:16:31,$4.00,2,$8.00
10329,"""ICE CREAM"" Wildberry",2018-01-07 18:51:36,$1.50,1,$1.50
10329,"""SORBET"" Watermelon",2018-01-07 18:51:36,$2.50,2,$5.00
10329,"""CONE"" Cookie Cone",2018-01-07 18:51:36,$4.00,3,$12.00
10330,"""ICE CREAM"" Maple Brown Sugar",2018-01-07 19:49:23,$2.00,2,$4.00
10330,"""SORBET"" Watermelon",2018-01-07 19:49:23,$2.50,2,$5.00
10330,"""ICE CREAM"" Maple Brown Sugar",2018-01-07 19:49:23,$2.00,3,$6.00
10330,"""ICE CREAM"" Peanut Fudge",2018-01-07 19:49:23,$3.50,2,$7.00
10331,"""CONE"" Cookie Cone",2018-01-07 20:17:57,$4.00,3,$12.00
10331,"""BEVERAGE"" Tea",2018-01-07 20:17:57,$4.00,1,$4.00
10332,"""SORBET"" Lychee",2018-01-07 20:56:45,$3.00,1,$3.00
10332,"""ICE CREAM"" Dark Chocolate",2018-01-07 20:56:45,$4.00,1,$4.00
10333,"""ICE CREAM"" Peanut Fudge",2018-01-07 21:30:33,$3.50,3,$10.50
10333,"""SORBET"" Lychee",2018-01-07 21:30:33,$3.00,2,$6.00
10333,"""BEVERAGE"" Tea",2018-01-07 21:30:33,$4.00,2,$8.00
10334,"""SORBET"" Lemon",2018-01-07 21:39:06,$2.50,1,$2.50
10334,"""SORBET"" Watermelon",2018-01-07 21:39:06,$2.50,2,$5.00
10335,"""BEVERAGE"" Espresso",2018-01-07 22:10:46,$2.50,3,$7.50
10336,"""SORBET"" Raspberry",2018-01-07 22:41:11,$2.50,1,$2.50
10336,"""ICE CREAM"" Strawberry",2018-01-07 22:41:11,$3.50,1,$3.50
10336,"""ICE CREAM"" Peanut Fudge",2018-01-07 22:41:11,$3.50,3,$10.50
10336,"""BEVERAGE"" Tea",2018-01-07 22:41:11,$4.00,3,$12.00
10337,"""BEVERAGE"" Tea",2018-01-07 23:04:12,$4.00,1,$4.00
10338,"""CONE"" Cookie Cone",2018-01-07 23:59:02,$4.00,2,$8.00
10338,,2018-01-07 23:59:02,$4.00,3,$12.00
10338,"""SORBET"" Lemon",2018-01-07 23:59:02,$2.50,2,$5.00
10338,"""BEVERAGE"" Tea",2018-01-07 23:59:02,$4.00,1,$4.00
10339,"""CONE"" Waffle Cone",2018-01-08 00:05:30,$4.00,2,$8.00
10339,"""SORBET"" Lemon",2018-01-08 00:05:30,$2.50,1,$2.50
10339,"""ICE CREAM"" Double Fudge Chunk",2018-01-08 00:05:30,$3.50,2,$7.00
10340,"""ICE CREAM"" Vanilla Bean",2018-01-08 00:21:51,$1.50,2,$3.00
10340,,2018-01-08 00:21:51,$1.00,1,$1.00
10341,"""CONE"" Brownie Cone",2018-01-08 01:05:40,$3.00,3,$9.00
10341,"""BEVERAGE"" Iced Coffee",2018-01-08 01:05:40,$2.50,3,$7.50
10342,"""SORBET"" Blood Orange",2018-01-08 01:59:14,$2.50,1,$2.50
10342,"""ICE CREAM"" Candied Bacon",2018-01-08 01:59:14,$0.50,1,$0.50
10343,"""SORBET"" Lemon",2018-01-08 02:24:57,$2.50,1,$2.50
10343,"""ICE CREAM"" Candied Bacon",2018-01-08 02:24:57,$0.50,1,$0.50
10343,"""ICE CREAM"" Rocky Road",2018-01-08 02:24:57,$3.50,3,$10.50
10343,"""MISC"" Ice Cream Cake",2018-01-08 02:24:57,$2.00,1,$2.00
10344,"""ICE CREAM"" Peanut Fudge",2018-01-08 03:14:28,$3.50,1,$3.50
10344,"""ICE CREAM"" Dulce De Leche",2018-01-08 03:14:28,$1.50,2,$3.00
10344,"""ICE CREAM"" Matcha",2018-01-08 03:14:28,$1.50,3,$4.50
10344,"""CONE"" Brownie Cone",2018-01-08 03:14:28,$3.00,3,$9.00
10344,"""SORBET"" Lychee",2018-01-08 03:14:28,$3.00,2,$6.00
10345,"""ICE CREAM"" Dulce De Leche",2018-01-08 03:20:38,$1.50,3,$4.50
10345,"""BEVERAGE"" Iced Coffee",2018-01-08 03:20:38,$2.50,1,$2.50
10345,"""ICE CREAM"" Dulce De Leche",2018-01-08 03:20:38,$1.50,3,$4.50
10345,"""ICE CREAM"" Earl Gray",2018-01-08 03:20:38,$0.50,3,$1.50
10346,"""ICE CREAM"" Dark Chocolate",2018-01-08 04:01:39,$4.00,3,$12.00
10346,"""ICE CREAM"" Dark Chocolate",2018-01-08 04:01:39,$4.00,2,$8.00
10347,"""SORBET"" Lemon",2018-01-08 04:05:02,$2.50,1,$2.50
10347,"""ICE CREAM"" Rocky Road",2018-01-08 04:05:02,$3.50,2,$7.00
10347,"""ICE CREAM"" Vanilla Bean",2018-01-08 04:05:02,$1.50,2,$3.00
10347,"""CONE"" Brownie Cone",2018-01-08 04:05:02,$3.00,2,$6.00
10347,"""BEVERAGE"" Tea",2018-01-08 04:05:02,$4.00,2,$8.00
10348,"""CONE"" Cookie Cone",2018-01-08 04:58:12,$4.00,2,$8.00
10348,"""CONE"" Cookie Cone",2018-01-08 04:58:12,$4.00,3,$12.00
10348,"""ICE CREAM"" Strawberry",2018-01-08 04:58:12,$3.50,1,$3.50
10348,"""ICE CREAM"" Peanut Fudge",2018-01-08 04:58:12,$3.50,2,$7.00
10349,,2018-01-08 05:32:42,$3.50,1,$3.50
10349,"""ICE CREAM"" Mint Chip",2018-01-08 05:32:42,$1.50,1,$1.50
10349,"""SORBET"" Watermelon",2018-01-08 05:32:42,$2.50,3,$7.50
10349,"""SORBET"" Lychee",2018-01-08 05:32:42,$3.00,3,$9.00
10350,"""ICE CREAM"" Candied Bacon",2018-01-08 06:26:22,$0.50,1,$0.50
10350,,2018-01-08 06:26:22,$3.50,2,$7.00
10351,"""BEVERAGE"" Espresso",2018-01-08 07:19:43,$2.50,2,$5.00
10351,"""CONE"" Cookie Cone",2018-01-08 07:19:43,$4.00,2,$8.00
10351,,2018-01-08 07:19:43,$1.50,2,$3.00
10351,,2018-01-08 07:19:43,$3.50,1,$3.50
10352,"""ICE CREAM"" Dulce De Leche",2018-01-08 07:39:54,$1.50,2,$3.00
10352,"""CONE"" Cookie Cone",2018-01-08 07:39:54,$4.00,1,$4.00
10353,"""ICE CREAM"" Dark Chocolate",2018-01-08 07:54:29,$4.00,1,$4.00
10354,"""BEVERAGE"" Tea",2018-01-08 08:26:51,$4.00,2,$8.00
10354,"""ICE CREAM"" Vanilla Bean",2018-01-08 08:26:51,$1.50,3,$4.50
10354,"""SORBET"" Watermelon",2018-01-08 08:26:51,$2.50,3,$7.50
10354,"""ICE CREAM"" Candied Bacon",2018-01-08 08:26:51,$-0.50,1,$-0.50
10355,"""BEVERAGE"" Espresso",2018-01-08 09:14:57,$2.50,1,$2.50
10355,"""SORBET"" Blood Orange",2018-01-08 09:14:57,$2.50,2,$5.00
10355,"""ICE CREAM"" Vanilla Bean",2018-01-08 09:14:57,$1.50,1,$1.50
10355,"""ICE CREAM"" Earl Gray",2018-01-08 09:14:57,$0.50,3,$1.50
10356,"""ICE CREAM"" Vanilla Bean",2018-01-08 09:27:55,$1.50,3,$4.50
10356,"""BEVERAGE"" Iced Coffee",2018-01-08 09:27:55,$2.50,1,$2.50
10356,"""SORBET"" Lemon",2018-01-08 09:27:55,$2.50,2,$5.00
10356,"""ICE CREAM"" Mint Chip",2018-01-08 09:27:55,$1.50,1,$1.50
10357,"""CONE"" Brownie Cone",2018-01-08 10:20:49,$3.00,2,$6.00
10357,"""MISC"" Ice Cream Cake",2018-01-08 10:20:49,$2.00,3,$6.00
10357,"""MISC"" Ice Cream Cake",2018-01-08 10:20:49,$2.00,2,$4.00
10358,"""ICE CREAM"" Matcha",2018-01-08 10:26:35,$1.50,2,$3.00
10358,"""ICE CREAM"" Dulce De Leche",2018-01-08 10:26:35,$1.50,3,$4.50
10358,"""SORBET"" Raspberry",2018-01-08 10:26:35,$2.50,3,$7.50
10359,"""SORBET"" Lychee",2018-01-08 10:31:32,$3.00,2,$6.00
10359,"""ICE CREAM"" Peanut Fudge",2018-01-08 10:31:32,$3.50,1,$3.50
10359,"""ICE CREAM"" Double Fudge Chunk",2018-01-08 10:31:32,$3.50,2,$7.00
10359,"""CONE"" Cookie Cone",2018-01-08 10:31:32,$4.00,2,$8.00
10360,"""CONE"" Sugar Cone",2018-01-08 11:04:09,$1.00,2,$2.00
10360,"""ICE CREAM"" Mint Chip",2018-01-08 11:04:09,$1.50,3,$4.50
10360,"""ICE CREAM"" Dulce De Leche",2018-01-08 11:04:09,$1.50,1,$1.50
10360,"""SORBET"" Raspberry",2018-01-08 11:04:09,$2.50,1,$2.50
10361,"""ICE CREAM"" Vanilla Bean",2018-01-08 11:46:54,$1.50,1,$1.50
10361,"""ICE CREAM"" Dulce De Leche",2018-01-08 11:46:54,$1.50,2,$3.00
10361,"""ICE CREAM"" Vanilla Bean",2018-01-08 11:46:54,$1.50,1,$1.50
10361,"""SORBET"" Lychee",2018-01-08 11:46:54,$3.00,3,$9.00
10361,"""SORBET"" Lemon",2018-01-08 11:46:54,$2.50,2,$5.00
10362,"""CONE"" Dipped Waffle Cone",2018-01-08 12:20:23,$3.50,1,$3.50
10362,"""SORBET"" Raspberry",2018-01-08 12:20:23,$2.50,2,$5.00
10362,"""CONE"" Waffle Cone",2018-01-08 12:20:23,$4.00,1,$4.00
10362,"""BEVERAGE"" Tea",2018-01-08 12:20:23,$4.00,3,$12.00
10363,,2018-01-08 13:15:09,$3.50,1,$3.50
10363,"""ICE CREAM"" Earl Gray",2018-01-08 13:15:09,$0.50,3,$1.50
10363,"""ICE CREAM"" Maple Brown Sugar",2018-01-08 13:15:09,$2.00,3,$6.00
10363,"""SORBET"" Raspberry",2018-01-08 13:15:09,$2.50,1,$2.50
10363,"""ICE CREAM"" Earl Gray",2018-01-08 13:15:09,$0.50,1,$0.50
10364,"""CONE"" Brownie Cone",2018-01-08 13:38:46,$3.00,2,$6.00
10364,"""SORBET"" Blood Orange",2018-01-08 13:38:46,$2.50,2,$5.00
10365,"""ICE CREAM"" Strawberry",2018-01-08 13:49:29,$3.50,1,$3.50
10365,"""BEVERAGE"" Espresso",2018-01-08 13:49:29,$2.50,1,$2.50
10365,"""ICE CREAM"" Rocky Road",2018-01-08 13:49:29,$3.50,1,$3.50
10365,"""CONE"" Waffle Cone",2018-01-08 13:49:29,$4.00,3,$12.00
10365,"""ICE CREAM"" Double Fudge Chunk",2018-01-08 13:49:29,$3.50,1,$3.50
10366,"""SORBET"" Lychee",2018-01-08 14:06:30,$3.00,1,$3.00
10366,"""ICE CREAM"" Earl Gray",2018-01-08 14:06:30,$0.50,3,$1.50
10366,"""CONE"" Brownie Cone",2018-01-08 14:06:30,$3.00,1,$3.00
10367,"""CONE"" Brownie Cone",2018-01-08 15:02:26,$3.00,2,$6.00
10368,"""ICE CREAM"" Matcha",2018-01-08 15:14:22,$1.50,2,$3.00
10368,"""ICE CREAM"" Double Fudge Chunk",2018-01-08 15:14:22,$3.50,2,$7.00
10368,"""SORBET"" Blood Orange",2018-01-08 15:14:22,$2.50,3,$7.50
10368,"""CONE"" Waffle Cone",2018-01-08 15:14:22,$4.00,2,$8.00
10368,"""SORBET"" Lychee",2018-01-08 15:14:22,$3.00,1,$3.00
10369,"""ICE CREAM"" Rocky Road",2018-01-08 16:00:22,$3.50,2,$7.00
10369,"""ICE CREAM"" Dark Chocolate",2018-01-08 16:00:22,$4.00,3,$12.00
10369,"""ICE CREAM"" Rocky Road",2018-01-08 16:00:22,$3.50,3,$10.50
10369,"""ICE CREAM"" Maple Brown Sugar",2018-01-08 16:00:22,$2.00,2,$4.00
10369,"""CONE"" Cookie Cone",2018-01-08 16:00:22,$4.00,2,$8.00
10370,"""ICE CREAM"" Matcha",2018-01-08 16:47:03,$1.50,1,$1.50
10370,"""ICE CREAM"" Maple Brown Sugar",2018-01-08 16:47:03,$2.00,2,$4.00
10370,"""ICE CREAM"" Wildberry",2018-01-08 16:47:03,$1.50,2,$3.00
10370,"""BEVERAGE"" Iced Coffee",2018-01-08 16:47:03,$2.50,3,$7.50
10371,"""ICE CREAM"" Mint Chip",2018-01-08 16:47:53,$1.50,3,$4.50
10371,"""CONE"" Sugar Cone",2018-01-08 16:47:53,$1.00,2,$2.00
10371,"""CONE"" Brownie Cone",2018-01-08 16:47:53,$3.00,3,$9.00
10371,"""CONE"" Brownie Cone",2018-01-08 16:47:53,$3.00,3,$9.00
10372,"""ICE CREAM"" Dulce De Leche",2018-01-08 16:57:28,$1.50,2,$3.00
10372,"""ICE CREAM"" Mint Chip",2018-01-08 16:57:28,$1.50,3,$4.50
10373,"""CONE"" Sugar Cone",2018-01-08 17:17:48,$1.00,2,$2.00
10373,"""ICE CREAM"" Double Fudge Chunk",2018-01-08 17:17:48,$3.50,3,$10.50
10373,"""BEVERAGE"" Tea",2018-01-08 17:17:48,$4.00,3,$12.00
10373,"""ICE CREAM"" Vanilla Bean",2018-01-08 17:17:48,$1.50,1,$1.50
10373,"""ICE CREAM"" Mint Chip",2018-01-08 17:17:48,$1.50,3,$4.50
10374,"""SORBET"" Lemon",2018-01-08 17:30:26,$2.50,3,$7.50
10374,"""ICE CREAM"" Wildberry",2018-01-08 17:30:26,$1.50,1,$1.50
10374,"""ICE CREAM"" Peanut Fudge",2018-01-08 17:30:26,$3.50,1,$3.50
10375,"""ICE CREAM"" Peanut Fudge",2018-01-08 18:26:43,$3.50,2,$7.00
10375,"""ICE CREAM"" Dark Chocolate",2018-01-08 18:26:43,$4.00,1,$4.00
10375,"""SORBET"" Raspberry",2018-01-08 18:26:43,$-2.50,2,$-5.00
10376,"""ICE CREAM"" Matcha",2018-01-08 19:17:07,$1.50,2,$3.00
10376,"""BEVERAGE"" Espresso",2018-01-08 19:17:07,$2.50,1,$2.50
10376,"""BEVERAGE"" Espresso",2018-01-08 19:17:07,$2.50,3,$7.50
10377,"""BEVERAGE"" Espresso",2018-01-08 19:52:18,$2.50,3,$7.50
10378,"""CONE"" Waffle Cone",2018-01-08 19:58:59,$4.00,1,$4.00
10378,"""ICE CREAM"" Peanut Fudge",2018-01-08 19:58:59,$3.50,1,$3.50
10378,"""SORBET"" Lemon",2018-01-08 19:58:59,$2.50,3,$7.50
10378,"""ICE CREAM"" Earl Gray",2018-01-08 19:58:59,$0.50,2,$1.00
10378,"""BEVERAGE"" Iced Coffee",2018-01-08 19:58:59,$2.50,3,$7.50
10379,"""ICE CREAM"" Double Fudge Chunk",2018-01-08 20:09:52,$3.50,1,$3.50
10380,"""ICE CREAM"" Earl Gray",2018-01-08 20:13:03,$0.50,2,$1.00
10380,"""ICE CREAM"" Earl Gray",2018-01-08 20:13:03,$0.50,2,$1.00
10380,"""ICE CREAM"" Wildberry",2018-01-08 20:13:03,$1.50,1,$1.50
10380,,2018-01-08 20:13:03,$1.50,3,$4.50
10381,"""SORBET"" Raspberry",2018-01-08 20:57:24,$2.50,1,$2.50
10381,"""BEVERAGE"" Tea",2018-01-08 20:57:24,$4.00,2,$8.00
10381,"""SORBET"" Blood Orange",2018-01-08 20:57:24,$2.50,1,$2.50
10381,"""ICE CREAM"" Dark Chocolate",2018-01-08 20:57:24,$4.00,2,$8.00
10382,"""MISC"" Ice Cream Cake",2018-01-08 21:36:59,$2.00,3,$6.00
10382,"""BEVERAGE"" Tea",2018-01-08 21:36:59,$4.00,1,$4.00
10382,"""ICE CREAM"" Mint Chip",2018-01-08 21:36:59,$1.50,1,$1.50
10382,"""SORBET"" Blood Orange",2018-01-08 21:36:59,$2.50,3,$7.50
10382,"""SORBET"" Raspberry",2018-01-08 21:36:59,$2.50,2,$5.00
10383,"""CONE"" Cookie Cone",2018-01-08 22:21:53,$4.00,1,$4.00
10383,"""BEVERAGE"" Espresso",2018-01-08 22:21:53,$2.50,2,$5.00
10383,"""CONE"" Brownie Cone",2018-01-08 22:21:53,$3.00,1,$3.00
10383,"""CONE"" Brownie Cone",2018-01-08 22:21:53,$3.00,2,$6.00
10384,"""CONE"" Brownie Cone",2018-01-08 22:22:46,$3.00,3,$9.00
10385,"""MISC"" Ice Cream Cake",2018-01-08 22:57:24,$2.00,1,$2.00
10385,"""ICE CREAM"" Double Fudge Chunk",2018-01-08 22:57:24,$3.50,2,$7.00
10385,"""ICE CREAM"" Candied Bacon",2018-01-08 22:57:24,$0.50,1,$0.50
10386,"""SORBET"" Blood Orange",2018-01-08 23:04:56,$2.50,3,$7.50
10387,"""MISC"" Ice Cream Cake",2018-01-08 23:47:45,$2.00,3,$6.00
10387,"""BEVERAGE"" Tea",2018-01-08 23:47:45,$4.00,3,$12.00
10387,"""MISC"" Ice Cream Cake",2018-01-08 23:47:45,$2.00,3,$6.00
10387,"""BEVERAGE"" Tea",2018-01-08 23:47:45,$4.00,2,$8.00
10388,"""BEVERAGE"" Iced Coffee",2018-01-09 00:29:44,$2.50,1,$2.50
10388,"""MISC"" Ice Cream Cake",2018-01-09 00:29:44,$2.00,3,$6.00
10388,"""SORBET"" Raspberry",2018-01-09 00:29:44,$2.50,2,$5.00
10388,"""ICE CREAM"" Dark Chocolate",2018-01-09 00:29:44,$4.00,3,$12.00
10389,"""ICE CREAM"" Strawberry",2018-01-09 00:35:43,$3.50,2,$7.00
10389,"""SORBET"" Watermelon",2018-01-09 00:35:43,$2.50,3,$7.50
10390,"""BEVERAGE"" Espresso",2018-01-09 01:23:21,$2.50,1,$2.50
10391,"""ICE CREAM"" Double Fudge Chunk",2018-01-09 01:27:46,$3.50,3,$10.50
10391,"""CONE"" Dipped Waffle Cone",2018-01-09 01:27:46,$3.50,2,$7.00
10392,"""CONE"" Dipped Waffle Cone",2018-01-09 01:41:03,$3.50,2,$7.00
10392,"""BEVERAGE"" Tea",2018-01-09 01:41:03,$4.00,1,$4.00
10393,,2018-01-09 02:32:23,$3.00,3,$9.00
10393,"""ICE CREAM"" Vanilla Bean",2018-01-09 02:32:23,$1.50,2,$3.00
10393,"""BEVERAGE"" Iced Coffee",2018-01-09 02:32:23,$2.50,2,$5.00
10393,"""SORBET"" Raspberry",2018-01-09 02:32:23,$2.50,3,$7.50
10393,"""SORBET"" Raspberry",2018-01-09 02:32:23,$2.50,3,$7.50
10394,"""CONE"" Waffle Cone",2018-01-09 02:38:23,$4.00,1,$4.00
10394,"""SORBET"" Lychee",2018-01-09 02:38:23,$3.00,3,$9.00
10395,"""ICE CREAM"" Maple Brown Sugar",2018-01-09 03:35:06,$2.00,1,$2.00
10396,"""ICE CREAM"" Double Fudge Chunk",2018-01-09 04:01:39,$3.50,1,$3.50
10397,"""BEVERAGE"" Espresso",2018-01-09 04:25:48,$2.50,3,$7.50
10397,"""SORBET"" Watermelon",2018-01-09 04:25:48,$2.50,2,$5.00
10397,"""MISC"" Ice Cream Cake",2018-01-09 04:25:48,$2.00,3,$6.00
10397,"""SORBET"" Raspberry",2018-01-09 04:25:48,$2.50,2,$5.00
10398,"""BEVERAGE"" Iced Coffee",2018-01-09 05:05:23,$2.50,2,$5.00
10398,"""ICE CREAM"" Matcha",2018-01-09 05:05:23,$1.50,2,$3.00
10398,"""ICE CREAM"" Wildberry",2018-01-09 05:05:23,$1.50,3,$4.50
10399,"""BEVERAGE"" Espresso",2018-01-09 05:16:10,$2.50,1,$2.50
10400,"""ICE CREAM"" Matcha",2018-01-09 06:13:45,$1.50,2,$3.00
10400,"""ICE CREAM"" Dark Chocolate",2018-01-09 06:13:45,$4.00,1,$4.00
10400,"""CONE"" Dipped Waffle Cone",2018-01-09 06:13:45,$3.50,3,$10.50
10401,"""SORBET"" Lychee",2018-01-09 07:12:57,$3.00,2,$6.00
10402,"""ICE CREAM"" Candied Bacon",2018-01-09 07:34:55,$0.50,1,$0.50
10402,"""CONE"" Dipped Waffle Cone",2018-01-09 07:34:55,$3.50,1,$3.50
10402,"""SORBET"" Lemon",2018-01-09 07:34:55,$2.50,3,$7.50
10402,"""SORBET"" Blood Orange",2018-01-09 07:34:55,$2.50,3,$7.50
10403,"""ICE CREAM"" Dark Chocolate",2018-01-09 08:00:52,$4.00,1,$4.00
10403,"""ICE CREAM"" Earl Gray",2018-01-09 08:00:52,$0.50,1,$0.50
10404,"""SORBET"" Lychee",2018-01-09 08:31:29,$3.00,2,$6.00
10404,"""CONE"" Brownie Cone",2018-01-09 08:31:29,$3.00,1,$3.00
10404,"""CONE"" Brownie Cone",2018-01-09 08:31:29,$3.00,3,$9.00
10404,"""CONE"" Dipped Waffle Cone",2018-01-09 08:31:29,$3.50,2,$7.00
10405,"""ICE CREAM"" Wildberry",2018-01-09 08:45:18,$1.50,1,$1.50
10405,"""ICE CREAM"" Rocky Road",2018-01-09 08:45:18,$3.50,2,$7.00
10405,"""SORBET"" Lemon",2018-01-09 08:45:18,$2.50,3,$7.50
10405,"""SORBET"" Watermelon",2018-01-09 08:45:18,$2.50,3,$7.50
10405,"""SORBET"" Blood Orange",2018-01-09 08:45:18,$2.50,2,$5.00
10406,"""SORBET"" Watermelon",2018-01-09 09:36:43,$2.50,3,$7.50
10406,"""CONE"" Dipped Waffle Cone",2018-01-09 09:36:43,$3.50,3,$10.50
10406,"""SORBET"" Watermelon",2018-01-09 09:36:43,$2.50,2,$5.00
10406,"""BEVERAGE"" Tea",2018-01-09 09:36:43,$4.00,2,$8.00
10407,"""ICE CREAM"" Dark Chocolate",2018-01-09 09:56:12,$4.00,1,$4.00
10407,"""SORBET"" Watermelon",2018-01-09 09:56:12,$2.50,1,$2.50
10408,"""ICE CREAM"" Mint Chip",2018-01-09 10:13:19,$1.50,2,$3.00
10408,"""CONE"" Waffle Cone",2018-01-09 10:13:19,$4.00,3,$12.00
10408,"""ICE CREAM"" Maple Brown Sugar",2018-01-09 10:13:19,$2.00,3,$6.00
10408,"""SORBET"" Raspberry",2018-01-09 10:13:19,$2.50,3,$7.50
10409,"""ICE CREAM"" Double Fudge Chunk",2018-01-09 10:19:19,$3.50,1,$3.50
10410,"""BEVERAGE"" Tea",2018-01-09 10:31:42,$4.00,2,$8.00
10410,"""BEVERAGE"" Espresso",2018-01-09 10:31:42,$2.50,3,$7.50
10411,"""ICE CREAM"" Mint Chip",2018-01-09 11:26:29,$1.50,3,$4.50
10411,"""ICE CREAM"" Wildberry",2018-01-09 11:26:29,$1.50,3,$4.50
10412,"""SORBET"" Blood Orange",2018-01-09 12:12:54,$2.50,3,$7.50
10412,"""ICE CREAM"" Dulce De Leche",2018-01-09 12:12:54,$1.50,3,$4.50
10412,"""ICE CREAM"" Dulce De Leche",2018-01-09 12:12:54,$1.50,2,$3.00
10412,"""ICE CREAM"" Peanut Fudge",2018-01-09 12:12:54,$3.50,2,$7.00
10412,,2018-01-09 12:12:54,$1.50,3,$4.50
10413,"""ICE CREAM"" Wildberry",2018-01-09 12:46:59,$1.50,3,$4.50
10414,"""BEVERAGE"" Espresso",2018-01-09 13:42:09,$2.50,1,$2.50
10414,"""BEVERAGE"" Espresso",2018-01-09 13:42:09,$2.50,1,$2.50
10414,"""SORBET"" Blood Orange",2018-01-09 13:42:09,$2.50,1,$2.50
10414,"""BEVERAGE"" Iced Coffee",2018-01-09 13:42:09,$2.50,3,$7.50
10415,"""ICE CREAM"" Maple Brown Sugar",2018-01-09 14:10:42,$2.00,1,$2.00
10416,"""SORBET"" Blood Orange",2018-01-09 14:33:20,$2.50,1,$2.50
10416,"""SORBET"" Lemon",2018-01-09 14:33:20,$2.50,1,$2.50
10416,"""CONE"" Waffle Cone",2018-01-09 14:33:20,$4.00,3,$12.00
10416,"""ICE CREAM"" Dark Chocolate",2018-01-09 14:33:20,$4.00,2,$8.00
10417,"""SORBET"" Lemon",2018-01-09 14:50:00,$2.50,1,$2.50
10418,"""ICE CREAM"" Double Fudge Chunk",2018-01-09 15:41:29,$3.50,2,$7.00
10418,"""SORBET"" Watermelon",2018-01-09 15:41:29,$2.50,2,$5.00
10418,"""CONE"" Brownie Cone",2018-01-09 15:41:29,$3.00,1,$3.00
10418,"""SORBET"" Lemon",2018-01-09 15:41:29,$2.50,1,$2.50
10418,"""CONE"" Cookie Cone",2018-01-09 15:41:29,$4.00,1,$4.00
10419,"""SORBET"" Lemon",2018-01-09 16:09:14,$2.50,3,$7.50
10419,"""ICE CREAM"" Earl Gray",2018-01-09 16:09:14,$0.50,2,$1.00
10419,"""SORBET"" Lemon",2018-01-09 16:09:14,$2.50,2,$5.00
10419,"""BEVERAGE"" Espresso",2018-01-09 16:09:14,$2.50,3,$7.50
10420,"""MISC"" Ice Cream Cake",2018-01-09 17:06:42,$2.00,2,$4.00
10420,"""CONE"" Cookie Cone",2018-01-09 17:06:42,$4.00,3,$12.00
10420,"""ICE CREAM"" Peanut Fudge",2018-01-09 17:06:42,$3.50,2,$7.00
10420,"""ICE CREAM"" Dulce De Leche",2018-01-09 17:06:42,$1.50,1,$1.50
10420,"""BEVERAGE"" Tea",2018-01-09 17:06:42,$4.00,3,$12.00
10421,"""BEVERAGE"" Tea",2018-01-09 17:22:59,$4.00,3,$12.00
10421,"""ICE CREAM"" Dulce De Leche",2018-01-09 17:22:59,$1.50,2,$3.00
10421,"""ICE CREAM"" Strawberry",2018-01-09 17:22:59,$3.50,2,$7.00
10422,"""CONE"" Sugar Cone",2018-01-09 17:53:08,$1.00,3,$3.00
10422,"""ICE CREAM"" Maple Brown Sugar",2018-01-09 17:53:08,$2.00,1,$2.00
10422,"""SORBET"" Blood Orange",2018-01-09 17:53:08,$2.50,2,$5.00
10423,"""BEVERAGE"" Espresso",2018-01-09 18:27:36,$2.50,3,$7.50
10423,"""CONE"" Brownie Cone",2018-01-09 18:27:36,$3.00,3,$9.00
10423,"""ICE CREAM"" Strawberry",2018-01-09 18:27:36,$3.50,1,$3.50
10424,"""ICE CREAM"" Dulce De Leche",2018-01-09 19:11:07,$1.50,2,$3.00
10425,"""ICE CREAM"" Strawberry",2018-01-09 19:24:57,$3.50,2,$7.00
10425,"""ICE CREAM"" Candied Bacon",2018-01-09 19:24:57,$0.50,3,$1.50
10425,"""ICE CREAM"" Vanilla Bean",2018-01-09 19:24:57,$1.50,1,$1.50
10425,"""ICE CREAM"" Vanilla Bean",2018-01-09 19:24:57,$1.50,2,$3.00
10426,"""SORBET"" Blood Orange",2018-01-09 19:27:55,$2.50,2,$5.00
10426,"""SORBET"" Lychee",2018-01-09 19:27:55,$3.00,1,$3.00
10426,"""CONE"" Cookie Cone",2018-01-09 19:27:55,$4.00,2,$8.00
10426,"""ICE CREAM"" Dulce De Leche",2018-01-09 19:27:55,$1.50,3,$4.50
10426,"""ICE CREAM"" Mint Chip",2018-01-09 19:27:55,$1.50,3,$4.50
10427,"""SORBET"" Watermelon",2018-01-09 19:33:19,$2.50,2,$5.00
10427,"""ICE CREAM"" Vanilla Bean",2018-01-09 19:33:19,$1.50,2,$3.00
10428,"""SORBET"" Raspberry",2018-01-09 19:50:43,$2.50,3,$7.50
10429,"""CONE"" Waffle Cone",2018-01-09 20:01:40,$4.00,2,$8.00
10429,"""CONE"" Brownie Cone",2018-01-09 20:01:40,$3.00,3,$9.00
10429,,2018-01-09 20:01:40,$2.50,1,$2.50
10429,"""SORBET"" Raspberry",2018-01-09 20:01:40,$2.50,1,$2.50
10429,"""ICE CREAM"" Strawberry",2018-01-09 20:01:40,$3.50,1,$3.50
10430,"""CONE"" Waffle Cone",2018-01-09 20:31:43,$4.00,2,$8.00
10431,"""ICE CREAM"" Vanilla Bean",2018-01-09 21:21:27,$1.50,1,$1.50
10431,"""SORBET"" Watermelon",2018-01-09 21:21:27,$2.50,3,$7.50
10431,"""ICE CREAM"" Double Fudge Chunk",2018-01-09 21:21:27,$3.50,2,$7.00
10431,"""ICE CREAM"" Maple Brown Sugar",2018-01-09 21:21:27,$2.00,2,$4.00
10432,"""SORBET"" Blood Orange",2018-01-09 21:27:39,$2.50,3,$7.50
10432,"""ICE CREAM"" Maple Brown Sugar",2018-01-09 21:27:39,$2.00,1,$2.00
10432,"""CONE"" Waffle Cone",2018-01-09 21:27:39,$4.00,2,$8.00
10432,"""BEVERAGE"" Espresso",2018-01-09 21:27:39,$2.50,3,$7.50
10433,"""ICE CREAM"" Wildberry",2018-01-09 22:24:39,$1.50,1,$1.50
10433,"""SORBET"" Blood Orange",2018-01-09 22:24:39,$2.50,3,$7.50
10433,"""ICE CREAM"" Rocky Road",2018-01-09 22:24:39,$3.50,2,$7.00
10433,"""MISC"" Ice Cream Cake",2018-01-09 22:24:39,$2.00,3,$6.00
10434,"""CONE"" Brownie Cone",2018-01-09 23:19:32,$3.00,1,$3.00
10434,"""MISC"" Ice Cream Cake",2018-01-09 23:19:32,$2.00,3,$6.00
10434,"""ICE CREAM"" Maple Brown Sugar",2018-01-09 23:19:32,$2.00,1,$2.00
10434,"""CONE"" Dipped Waffle Cone",2018-01-09 23:19:32,$3.50,2,$7.00
10434,"""SORBET"" Watermelon",2018-01-09 23:19:32,$2.50,1,$2.50
10435,"""ICE CREAM"" Dark Chocolate",2018-01-10 00:11:30,$4.00,2,$8.00
10435,"""BEVERAGE"" Iced Coffee",2018-01-10 00:11:30,$2.50,2,$5.00
10435,"""CONE"" Cookie Cone",2018-01-10 00:11:30,$4.00,2,$8.00
10435,"""BEVERAGE"" Espresso",2018-01-10 00:11:30,$2.50,3,$7.50
10436,"""ICE CREAM"" Matcha",2018-01-10 00:29:54,$1.50,1,$1.50
10436,"""SORBET"" Watermelon",2018-01-10 00:29:54,$2.50,3,$7.50
10436,"""CONE"" Cookie Cone",2018-01-10 00:29:54,$4.00,1,$4.00
10436,"""ICE CREAM"" Mint Chip",2018-01-10 00:29:54,$1.50,2,$3.00
10437,,2018-01-10 00:50:19,$4.00,2,$8.00
10437,"""SORBET"" Watermelon",2018-01-10 00:50:19,$2.50,1,$2.50
10437,"""BEVERAGE"" Tea",2018-01-10 00:50:19,$4.00,2,$8.00
10437,"""CONE"" Dipped Waffle Cone",2018-01-10 00:50:19,$3.50,1,$3.50
10438,"""BEVERAGE"" Espresso",2018-01-10 01:19:12,$2.50,3,$7.50
10438,"""ICE CREAM"" Candied Bacon",2018-01-10 01:19:12,$0.50,3,$1.50
10438,"""ICE CREAM"" Maple Brown Sugar",2018-01-10 01:19:12,$2.00,2,$4.00
10439,"""ICE CREAM"" Rocky Road",2018-01-10 02:03:51,$3.50,3,$10.50
10439,"""SORBET"" Raspberry",2018-01-10 02:03:51,$2.50,1,$2.50
10440,"""ICE CREAM"" Candied Bacon",2018-01-10 02:20:10,$0.50,1,$0.50
10440,"""ICE CREAM"" Matcha",2018-01-10 02:20:10,$1.50,3,$4.50
10440,"""ICE CREAM"" Peanut Fudge",2018-01-10 02:20:10,$3.50,1,$3.50
10441,"""BEVERAGE"" Iced Coffee",2018-01-10 02:53:11,$2.50,2,$5.00
10441,,2018-01-10 02:53:11,$2.50,2,$5.00
10441,"""ICE CREAM"" Dulce De Leche",2018-01-10 02:53:11,$1.50,1,$1.50
10441,"""ICE CREAM"" Peanut Fudge",2018-01-10 02:53:11,$3.50,1,$3.50
10442,"""SORBET"" Lychee",2018-01-10 03:06:02,$3.00,3,$9.00
10443,"""BEVERAGE"" Iced Coffee",2018-01-10 03:44:12,$2.50,1,$2.50
10443,,2018-01-10 03:44:12,$2.00,1,$2.00
10443,"""CONE"" Cookie Cone",2018-01-10 03:44:12,$4.00,2,$8.00
10443,"""CONE"" Brownie Cone",2018-01-10 03:44:12,$3.00,1,$3.00
10443,"""SORBET"" Raspberry",2018-01-10 03:44:12,$2.50,3,$7.50
10444,"""ICE CREAM"" Matcha",2018-01-10 04:30:53,$1.50,3,$4.50
10444,"""ICE CREAM"" Rocky Road",2018-01-10 04:30:53,$3.50,3,$10.50
10444,"""ICE CREAM"" Matcha",2018-01-10 04:30:53,$1.50,3,$4.50
10444,"""ICE CREAM"" Mint Chip",2018-01-10 04:30:53,$1.50,2,$3.00
10444,"""SORBET"" Raspberry",2018-01-10 04:30:53,$2.50,3,$7.50
10445,"""SORBET"" Blood Orange",2018-01-10 04:55:18,$2.50,3,$7.50
10445,,2018-01-10 04:55:18,$3.50,2,$7.00
10446,"""ICE CREAM"" Earl Gray",2018-01-10 05:46:03,$0.50,2,$1.00
10446,"""SORBET"" Lemon",2018-01-10 05:46:03,$2.50,1,$2.50
10446,"""SORBET"" Raspberry",2018-01-10 05:46:03,$2.50,1,$2.50
10446,"""ICE CREAM"" Double Fudge Chunk",2018-01-10 05:46:03,$-3.50,3,$-10.50
10446,"""ICE CREAM"" Vanilla Bean",2018-01-10 05:46:03,$1.50,2,$3.00
10447,"""ICE CREAM"" Strawberry",2018-01-10 06:41:39,$3.50,1,$3.50
10447,"""ICE CREAM"" Wildberry",2018-01-10 06:41:39,$1.50,3,$4.50
10448,"""SORBET"" Blood Orange",2018-01-10 07:13:25,$2.50,1,$2.50
10448,"""SORBET"" Blood Orange",2018-01-10 07:13:25,$2.50,3,$7.50
10448,"""ICE CREAM"" Strawberry",2018-01-10 07:13:25,$3.50,1,$3.50
10448,"""ICE CREAM"" Mint Chip",2018-01-10 07:13:25,$1.50,2,$3.00
10448,"""CONE"" Sugar Cone",2018-01-10 07:13:25,$1.00,1,$1.00
10449,"""ICE CREAM"" Maple Brown Sugar",2018-01-10 07:19:27,$2.00,3,$6.00
10449,"""ICE CREAM"" Candied Bacon",2018-01-10 07:19:27,$0.50,1,$0.50
10449,"""ICE CREAM"" Wildberry",2018-01-10 07:19:27,$1.50,3,$4.50
10449,"""MISC"" Ice Cream Cake",2018-01-10 07:19:27,$2.00,3,$6.00
10450,"""CONE"" Dipped Waffle Cone",2018-01-10 08:00:17,$-3.50,2,$-7.00
10450,"""ICE CREAM"" Maple Brown Sugar",2018-01-10 08:00:17,$2.00,3,$6.00
10451,"""ICE CREAM"" Peanut Fudge",2018-01-10 08:08:54,$3.50,3,$10.50
10451,"""CONE"" Brownie Cone",2018-01-10 08:08:54,$3.00,2,$6.00
10451,"""ICE CREAM"" Rocky Road",2018-01-10 08:08:54,$3.50,3,$10.50
10451,"""SORBET"" Watermelon",2018-01-10 08:08:54,$2.50,3,$7.50
10451,"""SORBET"" Raspberry",2018-01-10 08:08:54,$2.50,1,$2.50
10452,"""ICE CREAM"" Peanut Fudge",2018-01-10 08:42:02,$3.50,3,$10.50
10452,"""SORBET"" Raspberry",2018-01-10 08:42:02,$2.50,2,$5.00
10452,"""ICE CREAM"" Rocky Road",2018-01-10 08:42:02,$3.50,3,$10.50
10453,"""ICE CREAM"" Double Fudge Chunk",2018-01-10 08:57:17,$3.50,1,$3.50
10453,"""ICE CREAM"" Vanilla Bean",2018-01-10 08:57:17,$1.50,3,$4.50
10453,"""ICE CREAM"" Dulce De Leche",2018-01-10 08:57:17,$1.50,3,$4.50
10453,"""ICE CREAM"" Dulce De Leche",2018-01-10 08:57:17,$1.50,2,$3.00
10454,"""ICE CREAM"" Dark Chocolate",2018-01-10 09:07:01,$4.00,3,$12.00
10455,"""ICE CREAM"" Dulce De Leche",2018-01-10 09:29:58,$1.50,3,$4.50
10456,"""CONE"" Dipped Waffle Cone",2018-01-10 10:20:16,$3.50,1,$3.50
10456,"""ICE CREAM"" Earl Gray",2018-01-10 10:20:16,$0.50,2,$1.00
10456,"""ICE CREAM"" Double Fudge Chunk",2018-01-10 10:20:16,$3.50,2,$7.00
10456,"""SORBET"" Watermelon",2018-01-10 10:20:16,$2.50,2,$5.00
10457,"""ICE CREAM"" Candied Bacon",2018-01-10 10:21:13,$0.50,2,$1.00
10457,"""CONE"" Sugar Cone",2018-01-10 10:21:13,$1.00,2,$2.00
10457,"""ICE CREAM"" Dark Chocolate",2018-01-10 10:21:13,$4.00,2,$8.00
10457,"""SORBET"" Raspberry",2018-01-10 10:21:13,$2.50,3,$7.50
10457,"""ICE CREAM"" Peanut Fudge",2018-01-10 10:21:13,$3.50,3,$10.50
10458,"""SORBET"" Watermelon",2018-01-10 10:57:22,$2.50,1,$2.50
10458,"""CONE"" Waffle Cone",2018-01-10 10:57:22,$4.00,1,$4.00
10458,"""CONE"" Brownie Cone",2018-01-10 10:57:22,$3.00,1,$3.00
10459,"""BEVERAGE"" Iced Coffee",2018-01-10 11:09:02,$2.50,1,$2.50
10459,"""MISC"" Ice Cream Cake",2018-01-10 11:09:02,$2.00,1,$2.00
10460,"""ICE CREAM"" Maple Brown Sugar",2018-01-10 11:36:25,$2.00,1,$2.00
10460,"""ICE CREAM"" Matcha",2018-01-10 11:36:25,$1.50,1,$1.50
10461,"""ICE CREAM"" Rocky Road",2018-01-10 11:52:36,$3.50,2,$7.00
10461,"""SORBET"" Lychee",2018-01-10 11:52:36,$3.00,2,$6.00
10461,"""BEVERAGE"" Iced Coffee",2018-01-10 11:52:36,$2.50,1,$2.50
10462,"""ICE CREAM"" Rocky Road",2018-01-10 12:20:37,$3.50,3,$10.50
10462,"""CONE"" Dipped Waffle Cone",2018-01-10 12:20:37,$3.50,3,$10.50
10463,"""ICE CREAM"" Dulce De Leche",2018-01-10 12:36:57,$1.50,2,$3.00
10463,,2018-01-10 12:36:57,$4.00,3,$12.00
10463,"""ICE CREAM"" Mint Chip",2018-01-10 12:36:57,$1.50,3,$4.50
10464,"""CONE"" Waffle Cone",2018-01-10 12:45:33,$4.00,3,$12.00
10464,"""ICE CREAM"" Vanilla Bean",2018-01-10 12:45:33,$1.50,3,$4.50
10465,"""BEVERAGE"" Iced Coffee",2018-01-10 12:50:59,$2.50,1,$2.50
10465,"""SORBET"" Lychee",2018-01-10 12:50:59,$3.00,1,$3.00
10465,"""ICE CREAM"" Dulce De Leche",2018-01-10 12:50:59,$1.50,3,$4.50
10465,"""MISC"" Ice Cream Cake",2018-01-10 12:50:59,$2.00,1,$2.00
10465,"""SORBET"" Lemon",2018-01-10 12:50:59,$2.50,3,$7.50
10466,,2018-01-10 13:49:15,$3.50,1,$3.50
10466,"""CONE"" Waffle Cone",2018-01-10 13:49:15,$4.00,1,$4.00
10466,"""ICE CREAM"" Dark Chocolate",2018-01-10 13:49:15,$4.00,2,$8.00
10467,"""BEVERAGE"" Tea",2018-01-10 14:23:12,$4.00,3,$12.00
10468,"""ICE CREAM"" Strawberry",2018-01-10 14:43:34,$3.50,1,$3.50
10468,"""SORBET"" Blood Orange",2018-01-10 14:43:34,$2.50,2,$5.00
10468,"""CONE"" Dipped Waffle Cone",2018-01-10 14:43:34,$3.50,2,$7.00
10468,"""CONE"" Sugar Cone",2018-01-10 14:43:34,$1.00,2,$2.00
10469,"""CONE"" Cookie Cone",2018-01-10 14:49:29,$4.00,1,$4.00
10470,"""ICE CREAM"" Candied Bacon",2018-01-10 15:30:14,$0.50,2,$1.00
10470,"""MISC"" Ice Cream Cake",2018-01-10 15:30:14,$2.00,1,$2.00
10470,"""ICE CREAM"" Matcha",2018-01-10 15:30:14,$1.50,2,$3.00
10470,"""CONE"" Cookie Cone",2018-01-10 15:30:14,$4.00,3,$12.00
10471,"""ICE CREAM"" Rocky Road",2018-01-10 16:07:04,$3.50,1,$3.50
10472,"""ICE CREAM"" Double Fudge Chunk",2018-01-10 17:04:33,$3.50,1,$3.50
10472,"""CONE"" Cookie Cone",2018-01-10 17:04:33,$4.00,2,$8.00
10472,"""ICE CREAM"" Vanilla Bean",2018-01-10 17:04:33,$1.50,3,$4.50
10472,"""BEVERAGE"" Iced Coffee",2018-01-10 17:04:33,$2.50,1,$2.50
10472,"""ICE CREAM"" Mint Chip",2018-01-10 17:04:33,$1.50,2,$3.00
10473,"""SORBET"" Lemon",2018-01-10 18:04:21,$2.50,3,$7.50
10474,"""ICE CREAM"" Candied Bacon",2018-01-10 18:49:16,$0.50,2,$1.00
10474,"""SORBET"" Watermelon",2018-01-10 18:49:16,$2.50,1,$2.50
10475,"""BEVERAGE"" Espresso",2018-01-10 19:18:12,$2.50,2,$5.00
10475,"""ICE CREAM"" Strawberry",2018-01-10 19:18:12,$3.50,3,$10.50
10475,"""ICE CREAM"" Mint Chip",2018-01-10 19:18:12,$1.50,3,$4.50
10475,"""ICE CREAM"" Mint Chip",2018-01-10 19:18:12,$1.50,1,$1.50
10476,"""ICE CREAM"" Matcha",2018-01-10 19:32:14,$1.50,2,$3.00
10476,"""SORBET"" Raspberry",2018-01-10 19:32:14,$2.50,3,$7.50
10477,"""CONE"" Sugar Cone",2018-01-10 19:52:14,$1.00,1,$1.00
10477,"""BEVERAGE"" Iced Coffee",2018-01-10 19:52:14,$2.50,2,$5.00
10477,"""ICE CREAM"" Rocky Road",2018-01-10 19:52:14,$3.50,3,$10.50
10477,,2018-01-10 19:52:14,$1.50,2,$3.00
10477,"""BEVERAGE"" Tea",2018-01-10 19:52:14,$4.00,3,$12.00
10478,"""MISC"" Ice Cream Cake",2018-01-10 20:39:38,$2.00,2,$4.00
10478,"""ICE CREAM"" Earl Gray",2018-01-10 20:39:38,$0.50,3,$1.50
10478,"""ICE CREAM"" Candied Bacon",2018-01-10 20:39:38,$0.50,2,$1.00
10478,"""ICE CREAM"" Vanilla Bean",2018-01-10 20:39:38,$-1.50,2,$-3.00
10478,"""SORBET"" Lychee",2018-01-10 20:39:38,$3.00,1,$3.00
10479,"""ICE CREAM"" Vanilla Bean",2018-01-10 20:49:31,$1.50,2,$3.00
10479,"""ICE CREAM"" Maple Brown Sugar",2018-01-10 20:49:31,$2.00,2,$4.00
10480,"""ICE CREAM"" Peanut Fudge",2018-01-10 21:13:47,$3.50,1,$3.50
10480,"""CONE"" Sugar Cone",2018-01-10 21:13:47,$1.00,3,$3.00
10481,"""MISC"" Ice Cream Cake",2018-01-10 22:13:06,$2.00,3,$6.00
10482,"""CONE"" Brownie Cone",2018-01-10 22:40:59,$3.00,2,$6.00
10482,"""ICE CREAM"" Wildberry",2018-01-10 22:40:59,$1.50,1,$1.50
10482,"""BEVERAGE"" Espresso",2018-01-10 22:40:59,$2.50,2,$5.00
10482,"""CONE"" Brownie Cone",2018-01-10 22:40:59,$3.00,2,$6.00
10483,"""CONE"" Brownie Cone",2018-01-10 23:38:40,$3.00,1,$3.00
10483,"""BEVERAGE"" Iced Coffee",2018-01-10 23:38:40,$2.50,3,$7.50
10483,"""ICE CREAM"" Vanilla Bean",2018-01-10 23:38:40,$1.50,2,$3.00
10484,"""ICE CREAM"" Peanut Fudge",2018-01-11 00:17:31,$3.50,2,$7.00
10484,"""SORBET"" Blood Orange",2018-01-11 00:17:31,$2.50,3,$7.50
10484,"""SORBET"" Raspberry",2018-01-11 00:17:31,$2.50,2,$5.00
10484,"""ICE CREAM"" Matcha",2018-01-11 00:17:31,$1.50,1,$1.50
10484,"""CONE"" Dipped Waffle Cone",2018-01-11 00:17:31,$3.50,1,$3.50
10485,"""SORBET"" Watermelon",2018-01-11 00:36:07,$2.50,3,$7.50
10485,"""MISC"" Ice Cream Cake",2018-01-11 00:36:07,$2.00,3,$6.00
10486,"""SORBET"" Lychee",2018-01-11 01:16:40,$3.00,3,$9.00
10486,"""ICE CREAM"" Rocky Road",2018-01-11 01:16:40,$3.50,3,$10.50
10486,"""ICE CREAM"" Wildberry",2018-01-11 01:16:40,$1.50,2,$3.00
10486,,2018-01-11 01:16:40,$2.00,3,$6.00
10487,"""MISC"" Ice Cream Cake",2018-01-11 01:26:31,$-2.00,1,$-2.00
10487,"""BEVERAGE"" Espresso",2018-01-11 01:26:31,$2.50,1,$2.50
10487,"""ICE CREAM"" Wildberry",2018-01-11 01:26:31,$1.50,2,$3.00
10487,"""CONE"" Brownie Cone",2018-01-11 01:26:31,$3.00,3,$9.00
10487,"""SORBET"" Blood Orange",2018-01-11 01:26:31,$2.50,3,$7.50
10488,"""BEVERAGE"" Espresso",2018-01-11 01:27:14,$2.50,1,$2.50
10488,"""ICE CREAM"" Candied Bacon",2018-01-11 01:27:14,$0.50,2,$1.00
10488,,2018-01-11 01:27:14,$3.00,3,$9.00
10488,"""ICE CREAM"" Double Fudge Chunk",2018-01-11 01:27:14,$3.50,2,$7.00
10489,"""ICE CREAM"" Dulce De Leche",2018-01-11 01:47:33,$1.50,2,$3.00
10489,"""SORBET"" Lemon",2018-01-11 01:47:33,$2.50,1,$2.50
10490,"""CONE"" Sugar Cone",2018-01-11 02:26:00,$1.00,1,$1.00
10490,"""SORBET"" Lychee",2018-01-11 02:26:00,$3.00,2,$6.00
10490,"""ICE CREAM"" Vanilla Bean",2018-01-11 02:26:00,$1.50,1,$1.50
10491,"""ICE CREAM"" Rocky Road",2018-01-11 03:15:02,$3.50,2,$7.00
10491,"""BEVERAGE"" Espresso",2018-01-11 03:15:02,$2.50,2,$5.00
10492,,2018-01-11 04:10:04,$1.50,3,$4.50
10492,"""ICE CREAM"" Maple Brown Sugar",2018-01-11 04:10:04,$2.00,3,$6.00
10492,"""ICE CREAM"" Maple Brown Sugar",2018-01-11 04:10:04,$2.00,2,$4.00
10492,"""ICE CREAM"" Matcha",2018-01-11 04:10:04,$1.50,3,$4.50
10492,"""CONE"" Brownie Cone",2018-01-11 04:10:04,$3.00,1,$3.00
10493,"""ICE CREAM"" Candied Bacon",2018-01-11 04:18:29,$0.50,1,$0.50
10493,"""SORBET"" Lemon",2018-01-11 04:18:29,$2.50,1,$2.50
10493,"""ICE CREAM"" Earl Gray",2018-01-11 04:18:29,$0.50,3,$1.50
10493,"""CONE"" Waffle Cone",2018-01-11 04:18:29,$4.00,1,$4.00
10494,"""SORBET"" Raspberry",2018-01-11 05:05:10,$2.50,2,$5.00
10494,"""SORBET"" Watermelon",2018-01-11 05:05:10,$2.50,3,$7.50
10494,"""SORBET"" Lychee",2018-01-11 05:05:10,$3.00,1,$3.00
10494,"""CONE"" Brownie Cone",2018-01-11 05:05:10,$3.00,2,$6.00
10494,"""MISC"" Ice Cream Cake",2018-01-11 05:05:10,$2.00,1,$2.00
10495,"""ICE CREAM"" Double Fudge Chunk",2018-01-11 05:56:11,$3.50,3,$10.50
10495,"""SORBET"" Lemon",2018-01-11 05:56:11,$2.50,2,$5.00
10496,"""SORBET"" Blood Orange",2018-01-11 06:21:48,$2.50,3,$7.50
10496,"""ICE CREAM"" Double Fudge Chunk",2018-01-11 06:21:48,$3.50,1,$3.50
10496,"""ICE CREAM"" Earl Gray",2018-01-11 06:21:48,$0.50,1,$0.50
10496,"""ICE CREAM"" Vanilla Bean",2018-01-11 06:21:48,$1.50,2,$3.00
10496,"""ICE CREAM"" Double Fudge Chunk",2018-01-11 06:21:48,$3.50,2,$7.00
10497,"""ICE CREAM"" Peanut Fudge",2018-01-11 06:41:53,$3.50,3,$10.50
10498,"""SORBET"" Blood Orange",2018-01-11 07:12:56,$2.50,3,$7.50
10498,"""ICE CREAM"" Strawberry",2018-01-11 07:12:56,$3.50,2,$7.00
10498,"""CONE"" Waffle Cone",2018-01-11 07:12:56,$4.00,1,$4.00
10499,"""ICE CREAM"" Candied Bacon",2018-01-11 07:13:19,$0.50,1,$0.50
10499,"""ICE CREAM"" Matcha",2018-01-11 07:13:19,$1.50,2,$3.00
10499,"""ICE CREAM"" Matcha",2018-01-11 07:13:19,$1.50,3,$4.50
10499,"""ICE CREAM"" Earl Gray",2018-01-11 07:13:19,$0.50,2,$1.00
10499,"""BEVERAGE"" Espresso",2018-01-11 07:13:19,$2.50,2,$5.00
10500,"""SORBET"" Blood Orange",2018-01-11 07:30:29,$2.50,3,$7.50
10500,,2018-01-11 07:30:29,$1.00,3,$3.00
10500,"""CONE"" Brownie Cone",2018-01-11 07:30:29,$3.00,2,$6.00
10500,"""CONE"" Brownie Cone",2018-01-11 07:30:29,$3.00,1,$3.00
10501,"""BEVERAGE"" Iced Coffee",2018-01-11 08:13:46,$2.50,2,$5.00
10501,"""ICE CREAM"" Maple Brown Sugar",2018-01-11 08:13:46,$2.00,1,$2.00
10502,"""ICE CREAM"" Peanut Fudge",2018-01-11 08:48:07,$3.50,3,$10.50
10502,"""CONE"" Sugar Cone",2018-01-11 08:48:07,$1.00,1,$1.00
10502,"""ICE CREAM"" Vanilla Bean",2018-01-11 08:48:07,$1.50,1,$1.50
10502,"""ICE CREAM"" Strawberry",2018-01-11 08:48:07,$3.50,1,$3.50
10502,"""ICE CREAM"" Strawberry",2018-01-11 08:48:07,$3.50,1,$3.50
10503,"""ICE CREAM"" Vanilla Bean",2018-01-11 09:22:14,$1.50,2,$3.00
10503,"""ICE CREAM"" Wildberry",2018-01-11 09:22:14,$1.50,2,$3.00
10503,"""ICE CREAM"" Rocky Road",2018-01-11 09:22:14,$3.50,2,$7.00
10503,"""MISC"" Ice Cream Cake",2018-01-11 09:22:14,$2.00,3,$6.00
10503,"""ICE CREAM"" Earl Gray",2018-01-11 09:22:14,$0.50,1,$0.50
10504,"""SORBET"" Lemon",2018-01-11 09:45:58,$2.50,1,$2.50
10504,"""ICE CREAM"" Maple Brown Sugar",2018-01-11 09:45:58,$2.00,2,$4.00
10504,,2018-01-11 09:45:58,$3.50,1,$3.50
10505,"""ICE CREAM"" Mint Chip",2018-01-11 09:56:33,$1.50,1,$1.50
10505,,2018-01-11 09:56:33,$3.50,3,$10.50
10505,"""CONE"" Dipped Waffle Cone",2018-01-11 09:56:33,$3.50,3,$10.50
10505,"""ICE CREAM"" Maple Brown Sugar",2018-01-11 09:56:33,$2.00,1,$2.00
10505,"""SORBET"" Watermelon",2018-01-11 09:56:33,$2.50,3,$7.50
10506,"""SORBET"" Lemon",2018-01-11 10:56:05,$2.50,2,$5.00
10507,"""BEVERAGE"" Tea",2018-01-11 11:07:15,$4.00,3,$12.00
10508,"""ICE CREAM"" Mint Chip",2018-01-11 12:02:17,$1.50,1,$1.50
10509,"""ICE CREAM"" Candied Bacon",2018-01-11 12:44:02,$0.50,1,$0.50
10509,"""ICE CREAM"" Mint Chip",2018-01-11 12:44:02,$1.50,3,$4.50
10510,"""ICE CREAM"" Candied Bacon",2018-01-11 13:24:07,$0.50,3,$1.50
10510,"""ICE CREAM"" Wildberry",2018-01-11 13:24:07,$1.50,2,$3.00
10510,"""BEVERAGE"" Espresso",2018-01-11 13:24:07,$2.50,3,$7.50
10510,"""ICE CREAM"" Wildberry",2018-01-11 13:24:07,$1.50,3,$4.50
10510,"""BEVERAGE"" Tea",2018-01-11 13:24:07,$4.00,1,$4.00
